%% This BibTeX bibliography file was created using BibDesk.
%% http://bibdesk.sourceforge.net/


%% Created for BRADLEY T RENTZ at 2017-04-03 22:52:34 -1000 


%% Saved with string encoding Unicode (UTF-8) 



@incollection{Jun:2005,
	Author = {Sun-Ah Jun},
	Booktitle = {Prosodic typology},
	Date-Added = {2017-04-04 06:28:53 +0000},
	Date-Modified = {2017-04-04 06:29:50 +0000},
	Editor = {Sun-Ah Jun},
	Pages = {430--458},
	Publisher = {Oxford: Oxford University Press},
	Title = {Prosodic typology},
	Year = {2005}}

@incollection{Rehg:1993,
	Author = {Kenneth L. Rehg},
	Booktitle = {Tonality in {A}ustronesian languages},
	Date-Added = {2017-04-04 06:20:24 +0000},
	Date-Modified = {2017-04-04 08:52:33 +0000},
	Editor = {Jerold A. Edmondson and Kenneth Gregerson},
	Pages = {25--46},
	Publisher = {Honolulu: University of Hawai`i Press},
	Title = {Proto-{M}icronesian prosody},
	Year = {1993}}

@booklet{Nicenboim:2016,
	Author = {Bruno Nicenboim and Shravan Vasishth},
	Date-Added = {2016-08-13 02:16:24 +0000},
	Date-Modified = {2016-08-13 02:18:59 +0000},
	Title = {Statistical methods for linguistic research: Foundational Ideas---Part II},
	Url = {http://arxiv.org/abs/1602.00245v1},
	Year = {2016},
	Bdsk-Url-1 = {http://arxiv.org/abs/1602.00245v1}}

@article{Wasserstein:2016,
	Author = {Ronald L. Wasserstein and Nicole A. Lazar},
	Date-Added = {2016-08-11 23:16:24 +0000},
	Date-Modified = {2016-08-11 23:18:11 +0000},
	Doi = {10.1080/00031305.2016.1154108},
	Eprint = {http://dx.doi.org/10.1080/00031305.2016.1154108},
	Journal = {The American Statistician},
	Number = {2},
	Pages = {129--133},
	Title = {The {ASA}'s Statement on p-Values: Context, Process, and Purpose},
	Volume = {70},
	Year = {2016},
	Bdsk-Url-1 = {http://dx.doi.org/10.1080/00031305.2016.1154108}}

@booklet{Vehtari:2016,
	Author = {Aki Vehtari and Andrew Gelman and Jonah Gabry},
	Date-Added = {2016-08-11 22:23:55 +0000},
	Date-Modified = {2016-08-11 22:25:43 +0000},
	Title = {loo: {E}fficient leave-one-out cross-validation and {WAIC} for {B}ayesian models. (version 0.1.6)},
	Url = {https://github.com/jgabry/loo},
	Year = {2016},
	Bdsk-Url-1 = {https://github.com/jgabry/loo}}

@booklet{Gabry:2016,
	Author = {Jonah Gabry and Ben Goodrich},
	Date-Added = {2016-08-11 22:14:14 +0000},
	Date-Modified = {2016-08-11 22:15:14 +0000},
	Title = {rstanarm: {B}ayesian Applied Regression Modeling via {S}tan (version 2.11.1)},
	Url = {http://CRAN.R-project.org/package=rstanarm},
	Year = {2016},
	Bdsk-Url-1 = {http://CRAN.R-project.org/package=rstanarm}}

@book{Kruschke:2015,
	Author = {John K. Kruschke},
	Date-Added = {2016-08-11 22:08:21 +0000},
	Date-Modified = {2016-08-11 22:09:59 +0000},
	Edition = {2},
	Publisher = {London: Elsevier},
	Title = {Doing {B}ayesian Data Analysis: A Tutorial with {R}, {JAGS}, and {S}tan},
	Year = {2015},
	Bdsk-File-1 = {YnBsaXN0MDDUAQIDBAUGJCVYJHZlcnNpb25YJG9iamVjdHNZJGFyY2hpdmVyVCR0b3ASAAGGoKgHCBMUFRYaIVUkbnVsbNMJCgsMDxJXTlMua2V5c1pOUy5vYmplY3RzViRjbGFzc6INDoACgAOiEBGABIAFgAdccmVsYXRpdmVQYXRoWWFsaWFzRGF0YV8QWi4uLy4uLy4uLy4uL3N0YXRzX2Jvb2tzL1tKb2huX0tydXNjaGtlXV9Eb2luZ19CYXllc2lhbl9EYXRhX0FuYWx5c2lzLF9TZWNvKEJvb2taWi5vcmcpLnBkZtIXCxgZV05TLmRhdGFPEQJUAAAAAAJUAAIAAAxNYWNpbnRvc2ggSEQAAAAAAAAAAAAAAAAAAADQW7THSCsAAAEtWZ8fW0pvaG5fS3J1c2Noa2VdX0RvaSMxNjQwRjJELnBkZgAAAAAAAAAAAAAAAAAAAAAAAAAAAAAAAAAAAAAAAAAAAWQPLdPNZBEAAAAAAAAAAAAEAAIAAAkgAAAAAAAAAAAAAAAAAAAAC3N0YXRzX2Jvb2tzAAAQAAgAANBcQWcAAAARAAgAANPN8LEAAAABABABLVmfAAlEIAAJRB8AApPVAAIAV01hY2ludG9zaCBIRDpVc2VyczoAYnJhZF9yZW50ejoARG9jdW1lbnRzOgBzdGF0c19ib29rczoAW0pvaG5fS3J1c2Noa2VdX0RvaSMxNjQwRjJELnBkZgAADgCGAEIAWwBKAG8AaABuAF8ASwByAHUAcwBjAGgAawBlAF0AXwBEAG8AaQBuAGcAXwBCAGEAeQBlAHMAaQBhAG4AXwBEAGEAdABhAF8AQQBuAGEAbAB5AHMAaQBzACwAXwBTAGUAYwBvACgAQgBvAG8AawBaAFoALgBvAHIAZwApAC4AcABkAGYADwAaAAwATQBhAGMAaQBuAHQAbwBzAGgAIABIAEQAEgBpVXNlcnMvYnJhZF9yZW50ei9Eb2N1bWVudHMvc3RhdHNfYm9va3MvW0pvaG5fS3J1c2Noa2VdX0RvaW5nX0JheWVzaWFuX0RhdGFfQW5hbHlzaXMsX1NlY28oQm9va1paLm9yZykucGRmAAATAAEvAAAVAAIAEf//AACABtIbHB0eWiRjbGFzc25hbWVYJGNsYXNzZXNdTlNNdXRhYmxlRGF0YaMdHyBWTlNEYXRhWE5TT2JqZWN00hscIiNcTlNEaWN0aW9uYXJ5oiIgXxAPTlNLZXllZEFyY2hpdmVy0SYnVHJvb3SAAQAIABEAGgAjAC0AMgA3AEAARgBNAFUAYABnAGoAbABuAHEAcwB1AHcAhACOAOsA8AD4A1ADUgNXA2IDawN5A30DhAONA5IDnwOiA7QDtwO8AAAAAAAAAgEAAAAAAAAAKAAAAAAAAAAAAAAAAAAAA74=}}

@article{Fowler:2000,
	Author = {Fowler, C., and Brancazio, L.},
	Date-Added = {2016-07-29 05:49:28 +0000},
	Date-Modified = {2016-07-29 05:49:28 +0000},
	Journal = {Language Speech},
	Pages = {1--41},
	Title = {Coarticulation resistance of {A}merican {E}nglish consonants and its effects on transconsonantal vowel-to-vowel coarticulation},
	Volume = {43},
	Year = {2000}}

@article{Lobanov:1971,
	Author = {B. M. Lobanov},
	Date-Added = {2016-07-03 15:40:46 +0000},
	Date-Modified = {2016-07-03 15:53:26 +0000},
	Doi = {10.1121/1.1912396},
	Journal = {Journal of the Acoustical Society of America},
	Number = {2},
	Pages = {606--608},
	Title = {Classification of {R}ussian vowels spoken by different speakers},
	Volume = {49},
	Year = {1971},
	Bdsk-File-1 = {YnBsaXN0MDDUAQIDBAUGJCVYJHZlcnNpb25YJG9iamVjdHNZJGFyY2hpdmVyVCR0b3ASAAGGoKgHCBMUFRYaIVUkbnVsbNMJCgsMDxJXTlMua2V5c1pOUy5vYmplY3RzViRjbGFzc6INDoACgAOiEBGABIAFgAdccmVsYXRpdmVQYXRoWWFsaWFzRGF0YV8QZi4uLy4uLy4uLy4uLy4uL0Rlc2t0b3AvbGluZzYzMi9maW5hbF9wcmVzL3BhcGVyL0NsYXNzaWZpY2F0aW9uX29mX1J1c3NpYW5fVm93ZWxzX1Nwb2tlbl9ieV9EaWZmZXJlLnBkZtIXCxgZV05TLmRhdGFPEQJIAAAAAAJIAAIAAAxNYWNpbnRvc2ggSEQAAAAAAAAAAAAAAAAAAADQW7THSCsAAAFFYJofQ2xhc3NpZmljYXRpb25fb2ZfUiMxNTFGQzA3LnBkZgAAAAAAAAAAAAAAAAAAAAAAAAAAAAAAAAAAAAAAAAAAAVH8B9OeVaYAAAAAAAAAAAAFAAUAAAkgAAAAAAAAAAAAAAAAAAAABXBhcGVyAAAQAAgAANBcQWcAAAARAAgAANOe4kYAAAABABgBRWCaAStRMgDqRfYACUQwAAlEHwACk9UAAgBkTWFjaW50b3NoIEhEOlVzZXJzOgBicmFkX3JlbnR6OgBEZXNrdG9wOgBsaW5nNjMyOgBmaW5hbF9wcmVzOgBwYXBlcjoAQ2xhc3NpZmljYXRpb25fb2ZfUiMxNTFGQzA3LnBkZgAOAG4ANgBDAGwAYQBzAHMAaQBmAGkAYwBhAHQAaQBvAG4AXwBvAGYAXwBSAHUAcwBzAGkAYQBuAF8AVgBvAHcAZQBsAHMAXwBTAHAAbwBrAGUAbgBfAGIAeQBfAEQAaQBmAGYAZQByAGUALgBwAGQAZgAPABoADABNAGEAYwBpAG4AdABvAHMAaAAgAEgARAASAGhVc2Vycy9icmFkX3JlbnR6L0Rlc2t0b3AvbGluZzYzMi9maW5hbF9wcmVzL3BhcGVyL0NsYXNzaWZpY2F0aW9uX29mX1J1c3NpYW5fVm93ZWxzX1Nwb2tlbl9ieV9EaWZmZXJlLnBkZgATAAEvAAAVAAIAEf//AACABtIbHB0eWiRjbGFzc25hbWVYJGNsYXNzZXNdTlNNdXRhYmxlRGF0YaMdHyBWTlNEYXRhWE5TT2JqZWN00hscIiNcTlNEaWN0aW9uYXJ5oiIgXxAPTlNLZXllZEFyY2hpdmVy0SYnVHJvb3SAAQAIABEAGgAjAC0AMgA3AEAARgBNAFUAYABnAGoAbABuAHEAcwB1AHcAhACOAPcA/AEEA1ADUgNXA2IDawN5A30DhAONA5IDnwOiA7QDtwO8AAAAAAAAAgEAAAAAAAAAKAAAAAAAAAAAAAAAAAAAA74=}}

@phdthesis{Zue:1976,
	Author = {Victor Waito Zue},
	Date-Added = {2016-07-03 15:22:48 +0000},
	Date-Modified = {2016-07-03 15:23:52 +0000},
	School = {Massachusetts Institute of Technology},
	Title = {Acoustic characteristics of stop consonants: a controlled study},
	Year = {1976},
	Bdsk-File-1 = {YnBsaXN0MDDUAQIDBAUGJCVYJHZlcnNpb25YJG9iamVjdHNZJGFyY2hpdmVyVCR0b3ASAAGGoKgHCBMUFRYaIVUkbnVsbNMJCgsMDxJXTlMua2V5c1pOUy5vYmplY3RzViRjbGFzc6INDoACgAOiEBGABIAFgAdccmVsYXRpdmVQYXRoWWFsaWFzRGF0YV8QOi4uLy4uLy4uLy4uLy4uL0Rlc2t0b3AvbGluZzYzMi9maW5hbF9wcmVzL3BhcGVyLzQyNzkzOC5wZGbSFwsYGVdOUy5kYXRhTxEBsAAAAAABsAACAAAMTWFjaW50b3NoIEhEAAAAAAAAAAAAAAAAAAAA0Fu0x0grAAABRWCaCjQyNzkzOC5wZGYAAAAAAAAAAAAAAAAAAAAAAAAAAAAAAAAAAAAAAAAAAAAAAAAAAAAAAAAAAAAAAAAAAAAAAAFRwrbTnBx5AAAAAAAAAAAABQAFAAAJIAAAAAAAAAAAAAAAAAAAAAVwYXBlcgAAEAAIAADQXEFnAAAAEQAIAADTnKkZAAAAAQAYAUVgmgErUTIA6kX2AAlEMAAJRB8AApPVAAIAT01hY2ludG9zaCBIRDpVc2VyczoAYnJhZF9yZW50ejoARGVza3RvcDoAbGluZzYzMjoAZmluYWxfcHJlczoAcGFwZXI6ADQyNzkzOC5wZGYAAA4AFgAKADQAMgA3ADkAMwA4AC4AcABkAGYADwAaAAwATQBhAGMAaQBuAHQAbwBzAGgAIABIAEQAEgA8VXNlcnMvYnJhZF9yZW50ei9EZXNrdG9wL2xpbmc2MzIvZmluYWxfcHJlcy9wYXBlci80Mjc5MzgucGRmABMAAS8AABUAAgAR//8AAIAG0hscHR5aJGNsYXNzbmFtZVgkY2xhc3Nlc11OU011dGFibGVEYXRhox0fIFZOU0RhdGFYTlNPYmplY3TSGxwiI1xOU0RpY3Rpb25hcnmiIiBfEA9OU0tleWVkQXJjaGl2ZXLRJidUcm9vdIABAAgAEQAaACMALQAyADcAQABGAE0AVQBgAGcAagBsAG4AcQBzAHUAdwCEAI4AywDQANgCjAKOApMCngKnArUCuQLAAskCzgLbAt4C8ALzAvgAAAAAAAACAQAAAAAAAAAoAAAAAAAAAAAAAAAAAAAC+g==}}

@article{Satterthwaite:1946,
	Author = {F. E. Satterthwaite},
	Date-Added = {2016-05-30 06:36:35 +0000},
	Date-Modified = {2016-05-30 06:37:51 +0000},
	Doi = {10.2307/3002019},
	Journal = {Biometrics Bulletin},
	Number = {6},
	Pages = {110--114},
	Title = {An Approximate Distribution of Estimates of Variance Components},
	Volume = {2},
	Year = {1946},
	Bdsk-Url-1 = {http://dx.doi.org/10.2307/3002019}}

@book{Fant:1960,
	Author = {G. Fant},
	Date-Added = {2016-05-30 06:23:10 +0000},
	Date-Modified = {2016-05-30 06:23:48 +0000},
	Publisher = {The Hague: Mouton},
	Title = {Acoustic Theory of Speech Production},
	Year = {1960}}

@book{Flanagan:1965,
	Author = {J. L. Flanagan},
	Date-Added = {2016-05-30 06:21:46 +0000},
	Date-Modified = {2016-05-30 06:22:41 +0000},
	Publisher = {Berlin: Springer-Verlag},
	Title = {Speech Analysis Synthesis and Perception},
	Year = {1965}}

@incollection{Jassem:1979,
	Author = {W. Jassem},
	Booktitle = {Frontiers of Speech Communication Research},
	Date-Added = {2016-05-30 06:09:58 +0000},
	Date-Modified = {2016-05-30 06:11:45 +0000},
	Editor = {B. Lindblom and S. {\"O}hman},
	Pages = {77--91},
	Publisher = {New York: Academic Press},
	Title = {Classification of fricative spectra using statistical discriminant functions},
	Year = {1979}}

@book{Johnson:2012,
	Author = {Keith Johnson},
	Date-Added = {2016-05-30 05:45:07 +0000},
	Date-Modified = {2016-05-30 05:51:27 +0000},
	Edition = {3rd},
	Publisher = {Oxford: Blackwell Publishing},
	Title = {Acoustic and Auditory Phonetics},
	Year = {2012},
	Bdsk-File-1 = {YnBsaXN0MDDUAQIDBAUGJCVYJHZlcnNpb25YJG9iamVjdHNZJGFyY2hpdmVyVCR0b3ASAAGGoKgHCBMUFRYaIVUkbnVsbNMJCgsMDxJXTlMua2V5c1pOUy5vYmplY3RzViRjbGFzc6INDoACgAOiEBGABIAFgAdccmVsYXRpdmVQYXRoWWFsaWFzRGF0YV8QKy4uLy4uLy4uLy4uLy4uL0Rlc2t0b3AvbGluZzYxMS9jb21iaW5lZC5wZGbSFwsYGVdOUy5kYXRhTxEBjgAAAAABjgACAAAMTWFjaW50b3NoIEhEAAAAAAAAAAAAAAAAAAAA0Fu0x0grAAAAfafpDGNvbWJpbmVkLnBkZgAAAAAAAAAAAAAAAAAAAAAAAAAAAAAAAAAAAAAAAAAAAAAAAAAAAAAAAAAAAAAAAAAAAAC6N9XSajW8UERGIENBUk8ABQADAAAJIAAAAAAAAAAAAAAAAAAAAAdsaW5nNjExAAAQAAgAANBcQWcAAAARAAgAANJqwlwAAAABABAAfafpAAlEMAAJRB8AApPVAAIAPk1hY2ludG9zaCBIRDpVc2VyczoAYnJhZF9yZW50ejoARGVza3RvcDoAbGluZzYxMToAY29tYmluZWQucGRmAA4AGgAMAGMAbwBtAGIAaQBuAGUAZAAuAHAAZABmAA8AGgAMAE0AYQBjAGkAbgB0AG8AcwBoACAASABEABIALVVzZXJzL2JyYWRfcmVudHovRGVza3RvcC9saW5nNjExL2NvbWJpbmVkLnBkZgAAEwABLwAAFQACABH//wAAgAbSGxwdHlokY2xhc3NuYW1lWCRjbGFzc2VzXU5TTXV0YWJsZURhdGGjHR8gVk5TRGF0YVhOU09iamVjdNIbHCIjXE5TRGljdGlvbmFyeaIiIF8QD05TS2V5ZWRBcmNoaXZlctEmJ1Ryb290gAEACAARABoAIwAtADIANwBAAEYATQBVAGAAZwBqAGwAbgBxAHMAdQB3AIQAjgC8AMEAyQJbAl0CYgJtAnYChAKIAo8CmAKdAqoCrQK/AsICxwAAAAAAAAIBAAAAAAAAACgAAAAAAAAAAAAAAAAAAALJ}}

@book{Sohn:1975,
	Author = {{Ho-min} Sohn},
	Date-Added = {2016-05-20 01:24:04 +0000},
	Date-Modified = {2016-05-30 06:14:58 +0000},
	Publisher = {Honolulu: University of Hawai`i Press},
	Title = {Woleaian Reference Grammar},
	Year = {1975}}

@article{Tukey:1949,
	Author = {John W. Tukey},
	Date-Added = {2016-05-20 01:01:39 +0000},
	Date-Modified = {2016-05-20 01:02:39 +0000},
	Journal = {Biometrics},
	Number = {2},
	Pages = {99--114},
	Title = {Comparing Individual Means in the Analysis of Variance},
	Url = {http://www.jstor.org/stable/3001913},
	Volume = {5},
	Year = {1949},
	Bdsk-File-1 = {YnBsaXN0MDDUAQIDBAUGJCVYJHZlcnNpb25YJG9iamVjdHNZJGFyY2hpdmVyVCR0b3ASAAGGoKgHCBMUFRYaIVUkbnVsbNMJCgsMDxJXTlMua2V5c1pOUy5vYmplY3RzViRjbGFzc6INDoACgAOiEBGABIAFgAdccmVsYXRpdmVQYXRoWWFsaWFzRGF0YV8QNS4uLy4uLy4uLy4uLy4uL0Rlc2t0b3AvbGluZzYzMi9maW5hbF9wcmVzLzMwMDE5MTMucGRm0hcLGBlXTlMuZGF0YU8RAagAAAAAAagAAgAADE1hY2ludG9zaCBIRAAAAAAAAAAAAAAAAAAAANBbtMdIKwAAAStRMgszMDAxOTEzLnBkZgAAAAAAAAAAAAAAAAAAAAAAAAAAAAAAAAAAAAAAAAAAAAAAAAAAAAAAAAAAAAAAAAAAAAABPkoo02OFywAAAAAAAAAAAAUABAAACSAAAAAAAAAAAAAAAAAAAAAKZmluYWxfcHJlcwAQAAgAANBcQWcAAAARAAgAANNkEmsAAAABABQBK1EyAOpF9gAJRDAACUQfAAKT1QACAElNYWNpbnRvc2ggSEQ6VXNlcnM6AGJyYWRfcmVudHo6AERlc2t0b3A6AGxpbmc2MzI6AGZpbmFsX3ByZXM6ADMwMDE5MTMucGRmAAAOABgACwAzADAAMAAxADkAMQAzAC4AcABkAGYADwAaAAwATQBhAGMAaQBuAHQAbwBzAGgAIABIAEQAEgA3VXNlcnMvYnJhZF9yZW50ei9EZXNrdG9wL2xpbmc2MzIvZmluYWxfcHJlcy8zMDAxOTEzLnBkZgAAEwABLwAAFQACABH//wAAgAbSGxwdHlokY2xhc3NuYW1lWCRjbGFzc2VzXU5TTXV0YWJsZURhdGGjHR8gVk5TRGF0YVhOU09iamVjdNIbHCIjXE5TRGljdGlvbmFyeaIiIF8QD05TS2V5ZWRBcmNoaXZlctEmJ1Ryb290gAEACAARABoAIwAtADIANwBAAEYATQBVAGAAZwBqAGwAbgBxAHMAdQB3AIQAjgDGAMsA0wJ/AoEChgKRApoCqAKsArMCvALBAs4C0QLjAuYC6wAAAAAAAAIBAAAAAAAAACgAAAAAAAAAAAAAAAAAAALt}}

@book{Hanlon:1988,
	Author = {David Hanlon},
	Date-Added = {2016-05-20 00:42:56 +0000},
	Date-Modified = {2016-05-20 00:43:44 +0000},
	Publisher = {Honolulu: University of Hawai`i Press},
	Title = {Upon a Stone Altar: A History of the {I}sland of {P}ohnpei to 1890},
	Year = {1988}}

@book{Petersen:1982,
	Author = {Glenn Petersen},
	Date-Added = {2016-05-20 00:40:41 +0000},
	Date-Modified = {2016-05-30 18:38:45 +0000},
	Publisher = {Ann Arbor: The University of Michigan Press},
	Title = {One Man Cannot Rule a Thousand: {Fission} in a {P}onapean Chiefdom},
	Year = {1982}}

@article{Nathan:1974,
	Author = {Geoffrey S. Nathan},
	Date-Added = {2016-05-20 00:24:57 +0000},
	Date-Modified = {2016-05-20 00:26:18 +0000},
	Journal = {Oceanic Linguistics},
	Number = {1/2},
	Pages = {479--501},
	Title = {Nauruan in the {A}ustronesian language family},
	Url = {http://www.jstor.org/stable/3622864},
	Volume = {12},
	Year = {1974},
	Bdsk-File-1 = {YnBsaXN0MDDUAQIDBAUGJCVYJHZlcnNpb25YJG9iamVjdHNZJGFyY2hpdmVyVCR0b3ASAAGGoKgHCBMUFRYaIVUkbnVsbNMJCgsMDxJXTlMua2V5c1pOUy5vYmplY3RzViRjbGFzc6INDoACgAOiEBGABIAFgAdccmVsYXRpdmVQYXRoWWFsaWFzRGF0YV8QNS4uLy4uLy4uLy4uLy4uL0Rlc2t0b3AvbGluZzYzMi9maW5hbF9wcmVzLzM2MjI4NjQucGRm0hcLGBlXTlMuZGF0YU8RAagAAAAAAagAAgAADE1hY2ludG9zaCBIRAAAAAAAAAAAAAAAAAAAANBbtMdIKwAAAStRMgszNjIyODY0LnBkZgAAAAAAAAAAAAAAAAAAAAAAAAAAAAAAAAAAAAAAAAAAAAAAAAAAAAAAAAAAAAAAAAAAAAABPkQJ02N8WwAAAAAAAAAAAAUABAAACSAAAAAAAAAAAAAAAAAAAAAKZmluYWxfcHJlcwAQAAgAANBcQWcAAAARAAgAANNkCPsAAAABABQBK1EyAOpF9gAJRDAACUQfAAKT1QACAElNYWNpbnRvc2ggSEQ6VXNlcnM6AGJyYWRfcmVudHo6AERlc2t0b3A6AGxpbmc2MzI6AGZpbmFsX3ByZXM6ADM2MjI4NjQucGRmAAAOABgACwAzADYAMgAyADgANgA0AC4AcABkAGYADwAaAAwATQBhAGMAaQBuAHQAbwBzAGgAIABIAEQAEgA3VXNlcnMvYnJhZF9yZW50ei9EZXNrdG9wL2xpbmc2MzIvZmluYWxfcHJlcy8zNjIyODY0LnBkZgAAEwABLwAAFQACABH//wAAgAbSGxwdHlokY2xhc3NuYW1lWCRjbGFzc2VzXU5TTXV0YWJsZURhdGGjHR8gVk5TRGF0YVhOU09iamVjdNIbHCIjXE5TRGljdGlvbmFyeaIiIF8QD05TS2V5ZWRBcmNoaXZlctEmJ1Ryb290gAEACAARABoAIwAtADIANwBAAEYATQBVAGAAZwBqAGwAbgBxAHMAdQB3AIQAjgDGAMsA0wJ/AoEChgKRApoCqAKsArMCvALBAs4C0QLjAuYC6wAAAAAAAAIBAAAAAAAAACgAAAAAAAAAAAAAAAAAAALt}}

@article{Soohani:2014,
	Author = {Bahareh Soohani and Abbas Ali Ahangar and Marc van Oostendorp},
	Date-Added = {2016-05-20 00:05:56 +0000},
	Date-Modified = {2016-05-20 00:08:58 +0000},
	Journal = {Dialectologia},
	Pages = {71--85},
	Title = {Geminate in {C}entral {S}arawani {B}alochi},
	Volume = {13},
	Year = {2014},
	Bdsk-File-1 = {YnBsaXN0MDDUAQIDBAUGJCVYJHZlcnNpb25YJG9iamVjdHNZJGFyY2hpdmVyVCR0b3ASAAGGoKgHCBMUFRYaIVUkbnVsbNMJCgsMDxJXTlMua2V5c1pOUy5vYmplY3RzViRjbGFzc6INDoACgAOiEBGABIAFgAdccmVsYXRpdmVQYXRoWWFsaWFzRGF0YV8QTC4uLy4uLy4uLy4uLy4uL0Rlc2t0b3AvbGluZzYzMi9maW5hbF9wcmVzL2RpYWxlY3RvbG9naWExM185ODVfNjU5NjgyXzUxXy5wZGbSFwsYGVdOUy5kYXRhTxECAAAAAAACAAACAAAMTWFjaW50b3NoIEhEAAAAAAAAAAAAAAAAAAAA0Fu0x0grAAABK1EyH2RpYWxlY3RvbG9naWExM185ODUjMTNFM0U0Ny5wZGYAAAAAAAAAAAAAAAAAAAAAAAAAAAAAAAAAAAAAAAAAAAE+PkfTY3ibAAAAAAAAAAAABQAEAAAJIAAAAAAAAAAAAAAAAAAAAApmaW5hbF9wcmVzABAACAAA0FxBZwAAABEACAAA02QFOwAAAAEAFAErUTIA6kX2AAlEMAAJRB8AApPVAAIAXU1hY2ludG9zaCBIRDpVc2VyczoAYnJhZF9yZW50ejoARGVza3RvcDoAbGluZzYzMjoAZmluYWxfcHJlczoAZGlhbGVjdG9sb2dpYTEzXzk4NSMxM0UzRTQ3LnBkZgAADgBGACIAZABpAGEAbABlAGMAdABvAGwAbwBnAGkAYQAxADMAXwA5ADgANQBfADYANQA5ADYAOAAyAF8ANQAxAF8ALgBwAGQAZgAPABoADABNAGEAYwBpAG4AdABvAHMAaAAgAEgARAASAE5Vc2Vycy9icmFkX3JlbnR6L0Rlc2t0b3AvbGluZzYzMi9maW5hbF9wcmVzL2RpYWxlY3RvbG9naWExM185ODVfNjU5NjgyXzUxXy5wZGYAEwABLwAAFQACABH//wAAgAbSGxwdHlokY2xhc3NuYW1lWCRjbGFzc2VzXU5TTXV0YWJsZURhdGGjHR8gVk5TRGF0YVhOU09iamVjdNIbHCIjXE5TRGljdGlvbmFyeaIiIF8QD05TS2V5ZWRBcmNoaXZlctEmJ1Ryb290gAEACAARABoAIwAtADIANwBAAEYATQBVAGAAZwBqAGwAbgBxAHMAdQB3AIQAjgDdAOIA6gLuAvAC9QMAAwkDFwMbAyIDKwMwAz0DQANSA1UDWgAAAAAAAAIBAAAAAAAAACgAAAAAAAAAAAAAAAAAAANc}}

@book{Gelman:2007,
	Author = {Andrew Gelman and Jennifer Hill},
	Date-Added = {2016-05-19 03:56:19 +0000},
	Date-Modified = {2016-05-19 03:57:52 +0000},
	Publisher = {Cambridge: Cambridge University Press},
	Title = {Data Analysis Using Regression and Multilevel/Hierarchical Models},
	Year = {2007},
	Bdsk-File-1 = {YnBsaXN0MDDUAQIDBAUGJCVYJHZlcnNpb25YJG9iamVjdHNZJGFyY2hpdmVyVCR0b3ASAAGGoKgHCBMUFRYaIVUkbnVsbNMJCgsMDxJXTlMua2V5c1pOUy5vYmplY3RzViRjbGFzc6INDoACgAOiEBGABIAFgAdccmVsYXRpdmVQYXRoWWFsaWFzRGF0YV8QWi4uLy4uLy4uLy4uL3N0YXRzX2Jvb2tzL1tBbmRyZXdfR2VsbWFuLF9KZW5uaWZlcl9IaWxsXV9EYXRhX0FuYWx5c2lzX1VzaW5nKEJvb2taWi5vcmcpLnBkZtIXCxgZV05TLmRhdGFPEQJUAAAAAAJUAAIAAAxNYWNpbnRvc2ggSEQAAAAAAAAAAAAAAAAAAADQW7THSCsAAAEtWZ8fW0FuZHJld19HZWxtYW4sX0plbiMxMjlDRjJELnBkZgAAAAAAAAAAAAAAAAAAAAAAAAAAAAAAAAAAAAAAAAAAASnPLdND4PEAAAAAAAAAAAAEAAIAAAkgAAAAAAAAAAAAAAAAAAAAC3N0YXRzX2Jvb2tzAAAQAAgAANBcQWcAAAARAAgAANNEbZEAAAABABABLVmfAAlEIAAJRB8AApPVAAIAV01hY2ludG9zaCBIRDpVc2VyczoAYnJhZF9yZW50ejoARG9jdW1lbnRzOgBzdGF0c19ib29rczoAW0FuZHJld19HZWxtYW4sX0plbiMxMjlDRjJELnBkZgAADgCGAEIAWwBBAG4AZAByAGUAdwBfAEcAZQBsAG0AYQBuACwAXwBKAGUAbgBuAGkAZgBlAHIAXwBIAGkAbABsAF0AXwBEAGEAdABhAF8AQQBuAGEAbAB5AHMAaQBzAF8AVQBzAGkAbgBnACgAQgBvAG8AawBaAFoALgBvAHIAZwApAC4AcABkAGYADwAaAAwATQBhAGMAaQBuAHQAbwBzAGgAIABIAEQAEgBpVXNlcnMvYnJhZF9yZW50ei9Eb2N1bWVudHMvc3RhdHNfYm9va3MvW0FuZHJld19HZWxtYW4sX0plbm5pZmVyX0hpbGxdX0RhdGFfQW5hbHlzaXNfVXNpbmcoQm9va1paLm9yZykucGRmAAATAAEvAAAVAAIAEf//AACABtIbHB0eWiRjbGFzc25hbWVYJGNsYXNzZXNdTlNNdXRhYmxlRGF0YaMdHyBWTlNEYXRhWE5TT2JqZWN00hscIiNcTlNEaWN0aW9uYXJ5oiIgXxAPTlNLZXllZEFyY2hpdmVy0SYnVHJvb3SAAQAIABEAGgAjAC0AMgA3AEAARgBNAFUAYABnAGoAbABuAHEAcwB1AHcAhACOAOsA8AD4A1ADUgNXA2IDawN5A30DhAONA5IDnwOiA7QDtwO8AAAAAAAAAgEAAAAAAAAAKAAAAAAAAAAAAAAAAAAAA74=}}

@article{Harrington:2011,
	Author = {Jonathan Harrington and Phil Hoole and Felicitas Kleber and Ulrich Reubold},
	Date-Added = {2016-05-19 03:28:55 +0000},
	Date-Modified = {2016-05-19 03:31:07 +0000},
	Doi = {10.1016/j.wocn.2010.12.006},
	Journal = {Journal of Phonetics},
	Pages = {121--131},
	Title = {The physiological, acoustic, and perceptual basis of high back vowel fronting: {E}vidence from {G}erman tense and lax vowel},
	Volume = {39},
	Year = {2011},
	Bdsk-File-1 = {YnBsaXN0MDDUAQIDBAUGJCVYJHZlcnNpb25YJG9iamVjdHNZJGFyY2hpdmVyVCR0b3ASAAGGoKgHCBMUFRYaIVUkbnVsbNMJCgsMDxJXTlMua2V5c1pOUy5vYmplY3RzViRjbGFzc6INDoACgAOiEBGABIAFgAdccmVsYXRpdmVQYXRoWWFsaWFzRGF0YV8QSy4uLy4uLy4uLy4uLy4uL0Rlc2t0b3AvbGluZzYzMi9maW5hbF9wcmVzLzEtczIuMC1TMDA5NTQ0NzAxMDAwMTA0WC1tYWluLnBkZtIXCxgZV05TLmRhdGFPEQH+AAAAAAH+AAIAAAxNYWNpbnRvc2ggSEQAAAAAAAAAAAAAAAAAAADQW7THSCsAAAErUTIfMS1zMi4wLVMwMDk1NDQ3MDEwMCMxM0NCMTMwLnBkZgAAAAAAAAAAAAAAAAAAAAAAAAAAAAAAAAAAAAAAAAAAATyxMNNhfYIAAAAAAAAAAAAFAAQAAAkgAAAAAAAAAAAAAAAAAAAACmZpbmFsX3ByZXMAEAAIAADQXEFnAAAAEQAIAADTYgoiAAAAAQAUAStRMgDqRfYACUQwAAlEHwACk9UAAgBdTWFjaW50b3NoIEhEOlVzZXJzOgBicmFkX3JlbnR6OgBEZXNrdG9wOgBsaW5nNjMyOgBmaW5hbF9wcmVzOgAxLXMyLjAtUzAwOTU0NDcwMTAwIzEzQ0IxMzAucGRmAAAOAEQAIQAxAC0AcwAyAC4AMAAtAFMAMAAwADkANQA0ADQANwAwADEAMAAwADAAMQAwADQAWAAtAG0AYQBpAG4ALgBwAGQAZgAPABoADABNAGEAYwBpAG4AdABvAHMAaAAgAEgARAASAE1Vc2Vycy9icmFkX3JlbnR6L0Rlc2t0b3AvbGluZzYzMi9maW5hbF9wcmVzLzEtczIuMC1TMDA5NTQ0NzAxMDAwMTA0WC1tYWluLnBkZgAAEwABLwAAFQACABH//wAAgAbSGxwdHlokY2xhc3NuYW1lWCRjbGFzc2VzXU5TTXV0YWJsZURhdGGjHR8gVk5TRGF0YVhOU09iamVjdNIbHCIjXE5TRGljdGlvbmFyeaIiIF8QD05TS2V5ZWRBcmNoaXZlctEmJ1Ryb290gAEACAARABoAIwAtADIANwBAAEYATQBVAGAAZwBqAGwAbgBxAHMAdQB3AIQAjgDcAOEA6QLrAu0C8gL9AwYDFAMYAx8DKAMtAzoDPQNPA1IDVwAAAAAAAAIBAAAAAAAAACgAAAAAAAAAAAAAAAAAAANZ}}

@phdthesis{Kozasa:2005,
	Author = {Tomoko Kozasa},
	Date-Added = {2016-05-16 02:31:21 +0000},
	Date-Modified = {2016-05-16 02:36:34 +0000},
	School = {University of Hawai`i at M{\ipa {\=a}}noa},
	Title = {An acoustic and perceptual investigation of vowel length in {J}apanese and {P}ohnpeian},
	Year = {2005},
	Bdsk-File-1 = {YnBsaXN0MDDUAQIDBAUGJCVYJHZlcnNpb25YJG9iamVjdHNZJGFyY2hpdmVyVCR0b3ASAAGGoKgHCBMUFRYaIVUkbnVsbNMJCgsMDxJXTlMua2V5c1pOUy5vYmplY3RzViRjbGFzc6INDoACgAOiEBGABIAFgAdccmVsYXRpdmVQYXRoWWFsaWFzRGF0YV8QIy4uLy4uL3Bob25ldGljcy91aG1fcGhkXzQ1ODZfdWgucGRm0hcLGBlXTlMuZGF0YU8RAcoAAAAAAcoAAgAADE1hY2ludG9zaCBIRAAAAAAAAAAAAAAAAAAAANBbtMdIKwAAAFwXyBN1aG1fcGhkXzQ1ODZfdWgucGRmAAAAAAAAAAAAAAAAAAAAAAAAAAAAAAAAAAAAAAAAAAAAAAAAAAAAAAAAAAAAW91n0ZN2kgAAAAAAAAAAAAIAAgAACSAAAAAAAAAAAAAAAAAAAAAJcGhvbmV0aWNzAAAQAAgAANBcQWcAAAARAAgAANGUAzIAAAABABgAXBfIADZfjwAQ1R8ACUQgAAlEHwACk9UAAgBRTWFjaW50b3NoIEhEOlVzZXJzOgBicmFkX3JlbnR6OgBEb2N1bWVudHM6AFVIOgBRUDoAcGhvbmV0aWNzOgB1aG1fcGhkXzQ1ODZfdWgucGRmAAAOACgAEwB1AGgAbQBfAHAAaABkAF8ANAA1ADgANgBfAHUAaAAuAHAAZABmAA8AGgAMAE0AYQBjAGkAbgB0AG8AcwBoACAASABEABIAPlVzZXJzL2JyYWRfcmVudHovRG9jdW1lbnRzL1VIL1FQL3Bob25ldGljcy91aG1fcGhkXzQ1ODZfdWgucGRmABMAAS8AABUAAgAR//8AAIAG0hscHR5aJGNsYXNzbmFtZVgkY2xhc3Nlc11OU011dGFibGVEYXRhox0fIFZOU0RhdGFYTlNPYmplY3TSGxwiI1xOU0RpY3Rpb25hcnmiIiBfEA9OU0tleWVkQXJjaGl2ZXLRJidUcm9vdIABAAgAEQAaACMALQAyADcAQABGAE0AVQBgAGcAagBsAG4AcQBzAHUAdwCEAI4AtAC5AMECjwKRApYCoQKqArgCvALDAswC0QLeAuEC8wL2AvsAAAAAAAACAQAAAAAAAAAoAAAAAAAAAAAAAAAAAAAC/Q==}}

@phdthesis{Goodman:1995,
	Author = {Beverley D. Goodman},
	Date-Added = {2016-05-16 02:28:38 +0000},
	Date-Modified = {2016-05-16 02:29:37 +0000},
	School = {Cornell University},
	Title = {Features in {P}onapean phonology},
	Year = {1995},
	Bdsk-File-1 = {YnBsaXN0MDDUAQIDBAUGJCVYJHZlcnNpb25YJG9iamVjdHNZJGFyY2hpdmVyVCR0b3ASAAGGoKgHCBMUFRYaIVUkbnVsbNMJCgsMDxJXTlMua2V5c1pOUy5vYmplY3RzViRjbGFzc6INDoACgAOiEBGABIAFgAdccmVsYXRpdmVQYXRoWWFsaWFzRGF0YV8QFy4uLy4uL3Bob25ldGljcy9vdXQucGRm0hcLGBlXTlMuZGF0YU8RAZoAAAAAAZoAAgAADE1hY2ludG9zaCBIRAAAAAAAAAAAAAAAAAAAANBbtMdIKwAAAFwXyAdvdXQucGRmAAAAAAAAAAAAAAAAAAAAAAAAAAAAAAAAAAAAAAAAAAAAAAAAAAAAAAAAAAAAAAAAAAAAAAAAAAAAXBIB0ZSFegAAAAAAAAAAAAIAAgAACSAAAAAAAAAAAAAAAAAAAAAJcGhvbmV0aWNzAAAQAAgAANBcQWcAAAARAAgAANGVEhoAAAABABgAXBfIADZfjwAQ1R8ACUQgAAlEHwACk9UAAgBFTWFjaW50b3NoIEhEOlVzZXJzOgBicmFkX3JlbnR6OgBEb2N1bWVudHM6AFVIOgBRUDoAcGhvbmV0aWNzOgBvdXQucGRmAAAOABAABwBvAHUAdAAuAHAAZABmAA8AGgAMAE0AYQBjAGkAbgB0AG8AcwBoACAASABEABIAMlVzZXJzL2JyYWRfcmVudHovRG9jdW1lbnRzL1VIL1FQL3Bob25ldGljcy9vdXQucGRmABMAAS8AABUAAgAR//8AAIAG0hscHR5aJGNsYXNzbmFtZVgkY2xhc3Nlc11OU011dGFibGVEYXRhox0fIFZOU0RhdGFYTlNPYmplY3TSGxwiI1xOU0RpY3Rpb25hcnmiIiBfEA9OU0tleWVkQXJjaGl2ZXLRJidUcm9vdIABAAgAEQAaACMALQAyADcAQABGAE0AVQBgAGcAagBsAG4AcQBzAHUAdwCEAI4AqACtALUCUwJVAloCZQJuAnwCgAKHApAClQKiAqUCtwK6Ar8AAAAAAAACAQAAAAAAAAAoAAAAAAAAAAAAAAAAAAACwQ==}}

@phdthesis{McClintock:1999,
	Author = {Susan McClintock},
	Date-Added = {2016-05-16 02:25:06 +0000},
	Date-Modified = {2016-05-16 02:25:56 +0000},
	School = {University of Hawai`i at M{\ipa {\=a}}noa},
	Title = {Consonant sequence constraints in {F}ijian and {M}icronesian languages},
	Year = {1999},
	Bdsk-File-1 = {YnBsaXN0MDDUAQIDBAUGJCVYJHZlcnNpb25YJG9iamVjdHNZJGFyY2hpdmVyVCR0b3ASAAGGoKgHCBMUFRYaIVUkbnVsbNMJCgsMDxJXTlMua2V5c1pOUy5vYmplY3RzViRjbGFzc6INDoACgAOiEBGABIAFgAdccmVsYXRpdmVQYXRoWWFsaWFzRGF0YV8QGi4uLy4uL3Bob25ldGljcy9vdXQoMSkucGRm0hcLGBlXTlMuZGF0YU8RAaYAAAAAAaYAAgAADE1hY2ludG9zaCBIRAAAAAAAAAAAAAAAAAAAANBbtMdIKwAAAFwXyApvdXQoMSkucGRmAAAAAAAAAAAAAAAAAAAAAAAAAAAAAAAAAAAAAAAAAAAAAAAAAAAAAAAAAAAAAAAAAAAAAAAAXBLR0ZSHNwAAAAAAAAAAAAIAAgAACSAAAAAAAAAAAAAAAAAAAAAJcGhvbmV0aWNzAAAQAAgAANBcQWcAAAARAAgAANGVE9cAAAABABgAXBfIADZfjwAQ1R8ACUQgAAlEHwACk9UAAgBITWFjaW50b3NoIEhEOlVzZXJzOgBicmFkX3JlbnR6OgBEb2N1bWVudHM6AFVIOgBRUDoAcGhvbmV0aWNzOgBvdXQoMSkucGRmAA4AFgAKAG8AdQB0ACgAMQApAC4AcABkAGYADwAaAAwATQBhAGMAaQBuAHQAbwBzAGgAIABIAEQAEgA1VXNlcnMvYnJhZF9yZW50ei9Eb2N1bWVudHMvVUgvUVAvcGhvbmV0aWNzL291dCgxKS5wZGYAABMAAS8AABUAAgAR//8AAIAG0hscHR5aJGNsYXNzbmFtZVgkY2xhc3Nlc11OU011dGFibGVEYXRhox0fIFZOU0RhdGFYTlNPYmplY3TSGxwiI1xOU0RpY3Rpb25hcnmiIiBfEA9OU0tleWVkQXJjaGl2ZXLRJidUcm9vdIABAAgAEQAaACMALQAyADcAQABGAE0AVQBgAGcAagBsAG4AcQBzAHUAdwCEAI4AqwCwALgCYgJkAmkCdAJ9AosCjwKWAp8CpAKxArQCxgLJAs4AAAAAAAACAQAAAAAAAAAoAAAAAAAAAAAAAAAAAAAC0A==}}

@article{Krull:1987,
	Author = {Diana Krull},
	Date-Added = {2016-05-15 10:34:36 +0000},
	Date-Modified = {2016-05-15 10:37:20 +0000},
	Journal = {Phonetic Experimental Research at the Institute of Linguistics, University of Stockholm (PERILUS)},
	Pages = {43--61},
	Title = {Second formant locus patterns as a measure of consonant-vowel coarticulation},
	Volume = {5},
	Year = {1987}}

@incollection{Davis:2011,
	Author = {Stuart Davis},
	Booktitle = {The {B}lackwell Companion to Phonology, vol.~2},
	Date-Added = {2016-05-15 09:50:15 +0000},
	Date-Modified = {2016-05-15 09:53:31 +0000},
	Editor = {Marc van Oostendorp and Colin J. Ewen and Elizabeth Hume and Keren Rice},
	Pages = {837--859},
	Publisher = {Oxford: Blackwell Publishing},
	Title = {Geminates},
	Year = {2011},
	Bdsk-File-1 = {YnBsaXN0MDDUAQIDBAUGJCVYJHZlcnNpb25YJG9iamVjdHNZJGFyY2hpdmVyVCR0b3ASAAGGoKgHCBMUFRYaIVUkbnVsbNMJCgsMDxJXTlMua2V5c1pOUy5vYmplY3RzViRjbGFzc6INDoACgAOiEBGABIAFgAdccmVsYXRpdmVQYXRoWWFsaWFzRGF0YV8QIy4uLy4uLy4uLy4uL0Rvd25sb2Fkcy9HZW1pbmF0ZXMucGRm0hcLGBlXTlMuZGF0YU8RAYIAAAAAAYIAAgAADE1hY2ludG9zaCBIRAAAAAAAAAAAAAAAAAAAANBc3BdIKwAAAAlEIg1HZW1pbmF0ZXMucGRmAAAAAAAAAAAAAAAAAAAAAAAAAAAAAAAAAAAAAAAAAAAAAAAAAAAAAAAAAAAAAAAAAAAAwPLI0nZxmQAAAAAAAAAAAAQAAgAACSAAAAAAAAAAAAAAAAAAAAAJRG93bmxvYWRzAAAQAAgAANBcQWcAAAARAAgAANJ11ukAAAABAAwACUQiAAlEHwACk9UAAgA4TWFjaW50b3NoIEhEOlVzZXJzOgBicmFkX3JlbnR6OgBEb3dubG9hZHM6AEdlbWluYXRlcy5wZGYADgAcAA0ARwBlAG0AaQBuAGEAdABlAHMALgBwAGQAZgAPABoADABNAGEAYwBpAG4AdABvAHMAaAAgAEgARAASAChVc2Vycy9icmFkX3JlbnR6L0Rvd25sb2Fkcy9HZW1pbmF0ZXMucGRmABMAAS8AABUAAgAR//8AAIAG0hscHR5aJGNsYXNzbmFtZVgkY2xhc3Nlc11OU011dGFibGVEYXRhox0fIFZOU0RhdGFYTlNPYmplY3TSGxwiI1xOU0RpY3Rpb25hcnmiIiBfEA9OU0tleWVkQXJjaGl2ZXLRJidUcm9vdIABAAgAEQAaACMALQAyADcAQABGAE0AVQBgAGcAagBsAG4AcQBzAHUAdwCEAI4AtAC5AMECRwJJAk4CWQJiAnACdAJ7AoQCiQKWApkCqwKuArMAAAAAAAACAQAAAAAAAAAoAAAAAAAAAAAAAAAAAAACtQ==}}

@phdthesis{Muller:2001,
	Author = {Jennifer S. Muller},
	Date-Added = {2016-05-15 09:41:31 +0000},
	Date-Modified = {2016-05-15 09:42:17 +0000},
	School = {The Ohio State University},
	Title = {The Phonology and Phonetics of Word-Initial Geminates},
	Year = {2001},
	Bdsk-File-1 = {YnBsaXN0MDDUAQIDBAUGJCVYJHZlcnNpb25YJG9iamVjdHNZJGFyY2hpdmVyVCR0b3ASAAGGoKgHCBMUFRYaIVUkbnVsbNMJCgsMDxJXTlMua2V5c1pOUy5vYmplY3RzViRjbGFzc6INDoACgAOiEBGABIAFgAdccmVsYXRpdmVQYXRoWWFsaWFzRGF0YV8QDy4uL2dlbV9kaXNzLnBkZtIXCxgZV05TLmRhdGFPEQGqAAAAAAGqAAIAAAxNYWNpbnRvc2ggSEQAAAAAAAAAAAAAAAAAAADQW7THSCsAAACa+ZUMZ2VtX2Rpc3MucGRmAAAAAAAAAAAAAAAAAAAAAAAAAAAAAAAAAAAAAAAAAAAAAAAAAAAAAAAAAAAAAAAAAAAAAMc7I9KB6FsAAAAAAAAAAAABAAEAAAkgAAAAAAAAAAAAAAAAAAAACHFwMV9kYXRhABAACAAA0FxBZwAAABEACAAA0oJ0+wAAAAEAGACa+ZUANl+PABDVHwAJRCAACUQfAAKT1QACAElNYWNpbnRvc2ggSEQ6VXNlcnM6AGJyYWRfcmVudHo6AERvY3VtZW50czoAVUg6AFFQOgBxcDFfZGF0YToAZ2VtX2Rpc3MucGRmAAAOABoADABnAGUAbQBfAGQAaQBzAHMALgBwAGQAZgAPABoADABNAGEAYwBpAG4AdABvAHMAaAAgAEgARAASADZVc2Vycy9icmFkX3JlbnR6L0RvY3VtZW50cy9VSC9RUC9xcDFfZGF0YS9nZW1fZGlzcy5wZGYAEwABLwAAFQACABH//wAAgAbSGxwdHlokY2xhc3NuYW1lWCRjbGFzc2VzXU5TTXV0YWJsZURhdGGjHR8gVk5TRGF0YVhOU09iamVjdNIbHCIjXE5TRGljdGlvbmFyeaIiIF8QD05TS2V5ZWRBcmNoaXZlctEmJ1Ryb290gAEACAARABoAIwAtADIANwBAAEYATQBVAGAAZwBqAGwAbgBxAHMAdQB3AIQAjgCgAKUArQJbAl0CYgJtAnYChAKIAo8CmAKdAqoCrQK/AsICxwAAAAAAAAIBAAAAAAAAACgAAAAAAAAAAAAAAAAAAALJ}}

@article{Benjamini:1995,
	Author = {Yoav Benjamini and Yosef Hochberg},
	Date-Added = {2016-05-06 21:49:19 +0000},
	Date-Modified = {2016-05-06 21:53:00 +0000},
	Journal = {Journal of the Royal Statistical Society. Series B (Methodological)},
	Number = {1},
	Pages = {289--300},
	Title = {Controlling the false discovery rate: A practical and powerful approach to multiple testing},
	Volume = {57},
	Year = {1995}}

@book{Cohen:1988,
	Author = {Jacob Cohen},
	Date-Added = {2016-05-06 00:41:45 +0000},
	Date-Modified = {2016-05-06 00:46:15 +0000},
	Publisher = {Hillsdale: Lawrence Erlbaum Associates},
	Title = {Statistical power analysis for the behavioral sciences (2nd edn.)},
	Year = {1988}}

@article{Haley:2010,
	Author = {Katarina L. Haley and Elizabeth Seelinger and Kerry Callahan Mandulak and David J. Zajac},
	Date-Added = {2016-02-29 06:09:45 +0000},
	Date-Modified = {2016-02-29 06:12:55 +0000},
	Doi = {10.1016/j.wocn.2010.07.006},
	Journal = {Journal of Phonetics},
	Pages = {548--554},
	Title = {Evaluating the spectral distinction between sibilant fricatives through a speaker-centered approach},
	Volume = {38},
	Year = {2010},
	Bdsk-File-1 = {YnBsaXN0MDDUAQIDBAUGJCVYJHZlcnNpb25YJG9iamVjdHNZJGFyY2hpdmVyVCR0b3ASAAGGoKgHCBMUFRYaIVUkbnVsbNMJCgsMDxJXTlMua2V5c1pOUy5vYmplY3RzViRjbGFzc6INDoACgAOiEBGABIAFgAdccmVsYXRpdmVQYXRoWWFsaWFzRGF0YV8QQC4uLy4uL3Bob25ldGljcy9uZXdfYXJ0aWNsZXMvdXNlZnVsL3ByaW50ZWQvaGFsZXlfZXRfYWxfMjAxMC5wZGbSFwsYGVdOUy5kYXRhTxECFAAAAAACFAACAAAMTWFjaW50b3NoIEhEAAAAAAAAAAAAAAAAAAAA0Fu0x0grAAABEbyoFGhhbGV5X2V0X2FsXzIwMTAucGRmAAAAAAAAAAAAAAAAAAAAAAAAAAAAAAAAAAAAAAAAAAAAAAAAAAAAAAAAAAEQKIHS9hvMAAAAAAAAAAAAAgAFAAAJIAAAAAAAAAAAAAAAAAAAAAdwcmludGVkAAAQAAgAANBcQWcAAAARAAgAANL2qGwAAAABACQBEbyoAREw6gEQQUIAXBfIADZfjwAQ1R8ACUQgAAlEHwACk9UAAgBxTWFjaW50b3NoIEhEOlVzZXJzOgBicmFkX3JlbnR6OgBEb2N1bWVudHM6AFVIOgBRUDoAcGhvbmV0aWNzOgBuZXdfYXJ0aWNsZXM6AHVzZWZ1bDoAcHJpbnRlZDoAaGFsZXlfZXRfYWxfMjAxMC5wZGYAAA4AKgAUAGgAYQBsAGUAeQBfAGUAdABfAGEAbABfADIAMAAxADAALgBwAGQAZgAPABoADABNAGEAYwBpAG4AdABvAHMAaAAgAEgARAASAFtVc2Vycy9icmFkX3JlbnR6L0RvY3VtZW50cy9VSC9RUC9waG9uZXRpY3MvbmV3X2FydGljbGVzL3VzZWZ1bC9wcmludGVkL2hhbGV5X2V0X2FsXzIwMTAucGRmAAATAAEvAAAVAAIAEf//AACABtIbHB0eWiRjbGFzc25hbWVYJGNsYXNzZXNdTlNNdXRhYmxlRGF0YaMdHyBWTlNEYXRhWE5TT2JqZWN00hscIiNcTlNEaWN0aW9uYXJ5oiIgXxAPTlNLZXllZEFyY2hpdmVy0SYnVHJvb3SAAQAIABEAGgAjAC0AMgA3AEAARgBNAFUAYABnAGoAbABuAHEAcwB1AHcAhACOANEA1gDeAvYC+AL9AwgDEQMfAyMDKgMzAzgDRQNIA1oDXQNiAAAAAAAAAgEAAAAAAAAAKAAAAAAAAAAAAAAAAAAAA2Q=}}

@article{Dommelen:2003,
	Author = {Wim A. van Dommelen},
	Date-Added = {2016-02-29 06:05:13 +0000},
	Date-Modified = {2016-02-29 06:07:24 +0000},
	Doi = {10.1017/S00251003001245},
	Journal = {Journal of the International Phonetic Association},
	Number = {2},
	Pages = {131--141},
	Title = {An acoustic analysis of Norwegian /c¸/ and /S/ as spoken by young people},
	Volume = {33},
	Year = {2003},
	Bdsk-Url-1 = {http://dx.doi.org/10.1017/S00251003001245}}

@article{Jongman:2000,
	Abstract = {This study constitutes a large-scale comparative analysis of acoustic cues for classification of place
of articulation in fricatives. To date, no single metric has been found to classify fricative place of
articulation with a high degree of accuracy. This study presents spectral, amplitudinal, and temporal
measurements that involve both static properties ~spectral peak location, spectral moments, noise
duration, normalized amplitude, and F2 onset frequency! and dynamic properties ~relative
amplitude and locus equations!. While all cues ~except locus equations! consistently serve to
distinguish sibilant from nonsibilant fricatives, the present results indicate that spectral peak
location, spectral moments, and both normalized and relative amplitude serve to distinguish all four
places of fricative articulation. These findings suggest that these static and dynamic acoustic
properties can provide robust and unique information about all four places of articulation, despite
variation in speaker, vowel context, and voicing.},
	Author = {Allard Jongman and Ratree Wayland and Serena Wong},
	Date-Added = {2016-02-29 06:00:14 +0000},
	Date-Modified = {2016-02-29 06:02:53 +0000},
	Journal = {Journal of the Acoustical Society of America},
	Number = {3},
	Pages = {1252--1263},
	Title = {Acoustic characteristics of {E}nglish fricatives},
	Volume = {108},
	Year = {2000},
	Bdsk-File-1 = {YnBsaXN0MDDUAQIDBAUGJCVYJHZlcnNpb25YJG9iamVjdHNZJGFyY2hpdmVyVCR0b3ASAAGGoKgHCBMUFRYaIVUkbnVsbNMJCgsMDxJXTlMua2V5c1pOUy5vYmplY3RzViRjbGFzc6INDoACgAOiEBGABIAFgAdccmVsYXRpdmVQYXRoWWFsaWFzRGF0YV8QQi4uLy4uL3Bob25ldGljcy9uZXdfYXJ0aWNsZXMvdXNlZnVsL3ByaW50ZWQvam9uZ21hbl9ldF9hbF8yMDAwLnBkZtIXCxgZV05TLmRhdGFPEQIcAAAAAAIcAAIAAAxNYWNpbnRvc2ggSEQAAAAAAAAAAAAAAAAAAADQW7THSCsAAAERvKgWam9uZ21hbl9ldF9hbF8yMDAwLnBkZgAAAAAAAAAAAAAAAAAAAAAAAAAAAAAAAAAAAAAAAAAAAAAAAAAAAAAAARE4wtL5AtFQREYgQ0FSTwACAAUAAAkgAAAAAAAAAAAAAAAAAAAAB3ByaW50ZWQAABAACAAA0FxBZwAAABEACAAA0vmPcQAAAAEAJAERvKgBETDqARBBQgBcF8gANl+PABDVHwAJRCAACUQfAAKT1QACAHNNYWNpbnRvc2ggSEQ6VXNlcnM6AGJyYWRfcmVudHo6AERvY3VtZW50czoAVUg6AFFQOgBwaG9uZXRpY3M6AG5ld19hcnRpY2xlczoAdXNlZnVsOgBwcmludGVkOgBqb25nbWFuX2V0X2FsXzIwMDAucGRmAAAOAC4AFgBqAG8AbgBnAG0AYQBuAF8AZQB0AF8AYQBsAF8AMgAwADAAMAAuAHAAZABmAA8AGgAMAE0AYQBjAGkAbgB0AG8AcwBoACAASABEABIAXVVzZXJzL2JyYWRfcmVudHovRG9jdW1lbnRzL1VIL1FQL3Bob25ldGljcy9uZXdfYXJ0aWNsZXMvdXNlZnVsL3ByaW50ZWQvam9uZ21hbl9ldF9hbF8yMDAwLnBkZgAAEwABLwAAFQACABH//wAAgAbSGxwdHlokY2xhc3NuYW1lWCRjbGFzc2VzXU5TTXV0YWJsZURhdGGjHR8gVk5TRGF0YVhOU09iamVjdNIbHCIjXE5TRGljdGlvbmFyeaIiIF8QD05TS2V5ZWRBcmNoaXZlctEmJ1Ryb290gAEACAARABoAIwAtADIANwBAAEYATQBVAGAAZwBqAGwAbgBxAHMAdQB3AIQAjgDTANgA4AMAAwIDBwMSAxsDKQMtAzQDPQNCA08DUgNkA2cDbAAAAAAAAAIBAAAAAAAAACgAAAAAAAAAAAAAAAAAAANu}}

@booklet{Hothorn:2015,
	Author = {Torsten Hothorn and Frank Bretz and Peter Westfall},
	Date-Added = {2015-12-09 04:38:51 +0000},
	Date-Modified = {2016-05-06 00:57:03 +0000},
	Title = {multcomp: {S}imultaneous {I}nterference in {G}eneral {P}arametric {M}odels. {R} package (version 1.4-4)},
	Url = {http://CRAN.R-project.org/package=multcomp},
	Year = {2016},
	Bdsk-Url-1 = {http://CRAN.R-project.org/package=multcomp}}

@article{Rehg:2004,
	Author = {Kenneth L. Rehg},
	Date-Added = {2015-12-08 00:01:01 +0000},
	Date-Modified = {2015-12-08 00:02:04 +0000},
	Doi = {10.1353/ol.2005.0011},
	Journal = {Oceanic Linguistics},
	Number = {2},
	Pages = {498--518},
	Title = {Linguists, {L}iteracy, and the {L}aw of {U}nintended {C}onsequences},
	Volume = {43},
	Year = {2004},
	Bdsk-Url-1 = {http://dx.doi.org/10.1353/ol.2005.0011}}

@article{Rehg:1998,
	Author = {Kenneth L. Rehg},
	Date-Added = {2015-12-07 23:53:02 +0000},
	Date-Modified = {2015-12-07 23:53:56 +0000},
	Doi = {10.2307/3623413},
	Journal = {Oceanic Linguistics},
	Number = {2},
	Pages = {323--345},
	Title = {Taking the {P}ulse of {P}ohnpeian},
	Volume = {37},
	Year = {1998},
	Bdsk-Url-1 = {http://dx.doi.org/10.2307/3623413}}

@book{Chomsky:1968,
	Author = {Noam Chomsky and Morris Halle},
	Date-Added = {2015-12-06 22:14:21 +0000},
	Date-Modified = {2015-12-06 22:15:42 +0000},
	Publisher = {New York: Harper \& Row},
	Title = {The {S}ound {P}attern of {E}nglish},
	Year = {1968}}

@article{Bender:1968,
	Author = {Byron W. Bender},
	Date-Added = {2015-12-05 06:52:06 +0000},
	Date-Modified = {2015-12-05 06:53:07 +0000},
	Doi = {10.2307/3622845},
	Journal = {Oceanic Linguistics},
	Number = {1},
	Pages = {16--35},
	Title = {Marshallese {P}honology},
	Volume = {7},
	Year = {1968},
	Bdsk-Url-1 = {http://dx.doi.org/10.2307/3622845}}

@phdthesis{Rehg:1986,
	Author = {Kenneth Lee Rehg},
	Date-Added = {2015-12-05 02:00:38 +0000},
	Date-Modified = {2015-12-05 02:06:14 +0000},
	School = {University of Hawai`i at M{\ipa {\=a}}noa},
	Title = {The {P}honology of {P}onapean {V}owels},
	Year = {1986}}

@booklet{Wickham:2009,
	Author = {Hadley Wickham},
	Date-Added = {2015-12-05 01:50:31 +0000},
	Date-Modified = {2015-12-05 01:57:18 +0000},
	Publisher = {New York: Springer},
	Title = {ggplot2: {A}n implementation of the grammar of graphics. {R} package (version 1.0.1)},
	Url = {https://CRAN.R-project.org/package=ggplot2},
	Year = {2015},
	Bdsk-Url-1 = {https://CRAN.R-project.org/package=ggplot2}}

@article{Krahenmann:2008,
	Author = {Astrid Kr{\"a}henmann and Aditi Lahiri},
	Date-Added = {2015-11-13 00:15:28 +0000},
	Date-Modified = {2015-11-13 00:17:08 +0000},
	Doi = {10.1121/1.2916699},
	Journal = {Journal of the Acoustical Society of America},
	Number = {6},
	Pages = {4446--4455},
	Title = {Duration differences in the articulation and acoustics of {S}wiss {G}erman word-initial geminate and singleton stops},
	Volume = {123},
	Year = {2008},
	Bdsk-File-1 = {YnBsaXN0MDDUAQIDBAUGJCVYJHZlcnNpb25YJG9iamVjdHNZJGFyY2hpdmVyVCR0b3ASAAGGoKgHCBMUFRYaIVUkbnVsbNMJCgsMDxJXTlMua2V5c1pOUy5vYmplY3RzViRjbGFzc6INDoACgAOiEBGABIAFgAdccmVsYXRpdmVQYXRoWWFsaWFzRGF0YV8QEC4uL3N3aXNzX2dlbS5wZGbSFwsYGVdOUy5kYXRhTxEBrgAAAAABrgACAAAMTWFjaW50b3NoIEhEAAAAAAAAAAAAAAAAAAAA0Fu0x0grAAAAmvmVDXN3aXNzX2dlbS5wZGYAAAAAAAAAAAAAAAAAAAAAAAAAAAAAAAAAAAAAAAAAAAAAAAAAAAAAAAAAAAAAAAAAAAC6UM/SalAgAAAAAAAAAAAAAQABAAAJIAAAAAAAAAAAAAAAAAAAAAhxcDFfZGF0YQAQAAgAANBcQWcAAAARAAgAANJq3MAAAAABABgAmvmVADZfjwAQ1R8ACUQgAAlEHwACk9UAAgBKTWFjaW50b3NoIEhEOlVzZXJzOgBicmFkX3JlbnR6OgBEb2N1bWVudHM6AFVIOgBRUDoAcXAxX2RhdGE6AHN3aXNzX2dlbS5wZGYADgAcAA0AcwB3AGkAcwBzAF8AZwBlAG0ALgBwAGQAZgAPABoADABNAGEAYwBpAG4AdABvAHMAaAAgAEgARAASADdVc2Vycy9icmFkX3JlbnR6L0RvY3VtZW50cy9VSC9RUC9xcDFfZGF0YS9zd2lzc19nZW0ucGRmAAATAAEvAAAVAAIAEf//AACABtIbHB0eWiRjbGFzc25hbWVYJGNsYXNzZXNdTlNNdXRhYmxlRGF0YaMdHyBWTlNEYXRhWE5TT2JqZWN00hscIiNcTlNEaWN0aW9uYXJ5oiIgXxAPTlNLZXllZEFyY2hpdmVy0SYnVHJvb3SAAQAIABEAGgAjAC0AMgA3AEAARgBNAFUAYABnAGoAbABuAHEAcwB1AHcAhACOAKEApgCuAmACYgJnAnICewKJAo0ClAKdAqICrwKyAsQCxwLMAAAAAAAAAgEAAAAAAAAAKAAAAAAAAAAAAAAAAAAAAs4=}}

@article{Narayanan:1995,
	Author = {Shrikanth S. Narayanan and Abeer A. Alwan},
	Date-Added = {2015-11-12 23:15:32 +0000},
	Date-Modified = {2015-11-12 23:17:32 +0000},
	Doi = {10.1121/1.411971},
	Journal = {Journal of the Acoustical Society of America},
	Number = {4},
	Pages = {2511--2524},
	Title = {A nonlinear dynamical systems analysis of fricative consonants},
	Volume = {97},
	Year = {1995},
	Bdsk-File-1 = {YnBsaXN0MDDUAQIDBAUGJCVYJHZlcnNpb25YJG9iamVjdHNZJGFyY2hpdmVyVCR0b3ASAAGGoKgHCBMUFRYaIVUkbnVsbNMJCgsMDxJXTlMua2V5c1pOUy5vYmplY3RzViRjbGFzc6INDoACgAOiEBGABIAFgAdccmVsYXRpdmVQYXRoWWFsaWFzRGF0YV8QDy4uLzEuNDExOTcxLnBkZtIXCxgZV05TLmRhdGFPEQGqAAAAAAGqAAIAAAxNYWNpbnRvc2ggSEQAAAAAAAAAAAAAAAAAAADQW7THSCsAAACa+ZUMMS40MTE5NzEucGRmAAAAAAAAAAAAAAAAAAAAAAAAAAAAAAAAAAAAAAAAAAAAAAAAAAAAAAAAAAAAAAAAAAAAALpFBNJqQUoAAAAAAAAAAAABAAEAAAkgAAAAAAAAAAAAAAAAAAAACHFwMV9kYXRhABAACAAA0FxBZwAAABEACAAA0mrN6gAAAAEAGACa+ZUANl+PABDVHwAJRCAACUQfAAKT1QACAElNYWNpbnRvc2ggSEQ6VXNlcnM6AGJyYWRfcmVudHo6AERvY3VtZW50czoAVUg6AFFQOgBxcDFfZGF0YToAMS40MTE5NzEucGRmAAAOABoADAAxAC4ANAAxADEAOQA3ADEALgBwAGQAZgAPABoADABNAGEAYwBpAG4AdABvAHMAaAAgAEgARAASADZVc2Vycy9icmFkX3JlbnR6L0RvY3VtZW50cy9VSC9RUC9xcDFfZGF0YS8xLjQxMTk3MS5wZGYAEwABLwAAFQACABH//wAAgAbSGxwdHlokY2xhc3NuYW1lWCRjbGFzc2VzXU5TTXV0YWJsZURhdGGjHR8gVk5TRGF0YVhOU09iamVjdNIbHCIjXE5TRGljdGlvbmFyeaIiIF8QD05TS2V5ZWRBcmNoaXZlctEmJ1Ryb290gAEACAARABoAIwAtADIANwBAAEYATQBVAGAAZwBqAGwAbgBxAHMAdQB3AIQAjgCgAKUArQJbAl0CYgJtAnYChAKIAo8CmAKdAqoCrQK/AsICxwAAAAAAAAIBAAAAAAAAACgAAAAAAAAAAAAAAAAAAALJ}}

@booklet{Hezel:2012,
	Author = {Francis X. Hezel and Michael J. Levin},
	Date-Added = {2015-11-08 00:06:27 +0000},
	Date-Modified = {2015-11-08 00:08:03 +0000},
	Title = {Survey of {F}ederated {S}tates of {M}icronesia Migrants in the {United States} including {G}uam and the {C}ommonwealth of {Northern Mariana Islands} {(CNMI)}},
	Url = {http://www.healthypacific.org/uploads/1/0/0/6/10065201/combined_final_report.pdf},
	Year = {2012},
	Bdsk-Url-1 = {http://www.healthypacific.org/uploads/1/0/0/6/10065201/combined_final_report.pdf}}

@booklet{Kuznetsova:2016,
	Author = {Alexandra Kuznetsova and Per {Bruun Brockhoff} and Rune {Haubo Bojesen Christensen}},
	Date-Added = {2015-11-07 23:47:34 +0000},
	Date-Modified = {2016-05-06 00:57:21 +0000},
	Title = {lmer{T}est: Tests in Linear Mixed Effects Models. {R} package (version 2.0-30)},
	Url = {http://CRAN.R-project.org/package=lmerTest},
	Year = {2016},
	Bdsk-Url-1 = {http://CRAN.R-project.org/package=lmerTest}}

@article{Plummer:2006,
	Author = {Martyn Plummer and Nicky Best and Kate Cowles and Karen Vines},
	Date-Added = {2015-11-07 21:15:10 +0000},
	Date-Modified = {2015-11-07 21:17:02 +0000},
	Journal = {R News},
	Number = {1},
	Pages = {7--11},
	Title = {{CODA}: Convergence Diagnosis and Output Analysis for {MCMC}},
	Url = {http://CRAN.R-project.org/doc/Rnews/},
	Volume = {6},
	Year = {2006},
	Bdsk-Url-1 = {http://CRAN.R-project.org/doc/Rnews/}}

@article{Everett:2008,
	Abstract = {Locus equations are linear regressions based on F2 formant transitions from vowel onsets
to vowel midpoints. The F2 value of the onset of a given vowel can be plotted on the y-axis,
with the F2 for the vowel's midpoint plotted on the x-axis. Locus equations are derived
from numerous F2 onset-F2 midpoint plots of this type. Each locus equation is associated
with a particular consonant, which precedes the particular vowel tokens plotted according
to F2 transition. Locus equations provide data on the patterns of CV coarticulation
characterizing particular consonants. Studies in laboratory settings have demonstrated the
efficacy of locus equation analysis for exploring such coarticulation patterns. However,
locus equation analysis has generally not been exploited as a tool for linguistic fieldwork.
This study presents an exception, as the author presents various locus equations based
on data from Kariti{\^a}na, an endangered Amazonian language. These equations, based on
acoustic data gathered in the field, reveal language-specific patterns of coarticulation. The
results suggest that, even in remote non-laboratory settings, locus equations can be applied
in a straightforward manner in order to provide useful insights into a language's sound
system.},
	Author = {Caleb Everett},
	Date-Added = {2015-11-07 21:04:32 +0000},
	Date-Modified = {2015-11-07 21:27:18 +0000},
	Journal = {Language Documentation \& Conservation},
	Number = {2},
	Pages = {185--211},
	Title = {Locus equation analysis as a tool for linguistics fieldwork},
	Url = {http://hdl.handle.net/10125/4351},
	Volume = {2},
	Year = {2008},
	Bdsk-File-1 = {YnBsaXN0MDDUAQIDBAUGJCVYJHZlcnNpb25YJG9iamVjdHNZJGFyY2hpdmVyVCR0b3ASAAGGoKgHCBMUFRYaIVUkbnVsbNMJCgsMDxJXTlMua2V5c1pOUy5vYmplY3RzViRjbGFzc6INDoACgAOiEBGABIAFgAdccmVsYXRpdmVQYXRoWWFsaWFzRGF0YV4uLi9ldmVyZXR0LnBkZtIXCxgZV05TLmRhdGFPEQGmAAAAAAGmAAIAAAxNYWNpbnRvc2ggSEQAAAAAAAAAAAAAAAAAAADQW7THSCsAAACa+ZULZXZlcmV0dC5wZGYAAAAAAAAAAAAAAAAAAAAAAAAAAAAAAAAAAAAAAAAAAAAAAAAAAAAAAAAAAAAAAAAAAAAAALaPHtJigs8AAAAAAAAAAAABAAEAAAkgAAAAAAAAAAAAAAAAAAAACHFwMV9kYXRhABAACAAA0FxBZwAAABEACAAA0mMPbwAAAAEAGACa+ZUANl+PABDVHwAJRCAACUQfAAKT1QACAEhNYWNpbnRvc2ggSEQ6VXNlcnM6AGJyYWRfcmVudHo6AERvY3VtZW50czoAVUg6AFFQOgBxcDFfZGF0YToAZXZlcmV0dC5wZGYADgAYAAsAZQB2AGUAcgBlAHQAdAAuAHAAZABmAA8AGgAMAE0AYQBjAGkAbgB0AG8AcwBoACAASABEABIANVVzZXJzL2JyYWRfcmVudHovRG9jdW1lbnRzL1VIL1FQL3FwMV9kYXRhL2V2ZXJldHQucGRmAAATAAEvAAAVAAIAEf//AACABtIbHB0eWiRjbGFzc25hbWVYJGNsYXNzZXNdTlNNdXRhYmxlRGF0YaMdHyBWTlNEYXRhWE5TT2JqZWN00hscIiNcTlNEaWN0aW9uYXJ5oiIgXxAPTlNLZXllZEFyY2hpdmVy0SYnVHJvb3SAAQAIABEAGgAjAC0AMgA3AEAARgBNAFUAYABnAGoAbABuAHEAcwB1AHcAhACOAJ0AogCqAlQCVgJbAmYCbwJ9AoECiAKRApYCowKmArgCuwLAAAAAAAAAAgEAAAAAAAAAKAAAAAAAAAAAAAAAAAAAAsI=}}

@article{Iskarous:2010,
	Author = {Khalil Iskarous and Carol A. Fowler and D.H. Whalen},
	Date-Added = {2015-11-07 02:20:00 +0000},
	Date-Modified = {2015-11-07 02:21:31 +0000},
	Doi = {10.1121/1.3479538},
	Journal = {Journal of the Acoustical Society of America},
	Number = {4},
	Pages = {2021--2032},
	Title = {Locus equations are an acoustic expression of articulator synergy},
	Volume = {128},
	Year = {2010},
	Bdsk-File-1 = {YnBsaXN0MDDUAQIDBAUGJCVYJHZlcnNpb25YJG9iamVjdHNZJGFyY2hpdmVyVCR0b3ASAAGGoKgHCBMUFRYaIVUkbnVsbNMJCgsMDxJXTlMua2V5c1pOUy5vYmplY3RzViRjbGFzc6INDoACgAOiEBGABIAFgAdccmVsYXRpdmVQYXRoWWFsaWFzRGF0YV8QDy4uL2xvY3VzX2VxLnBkZtIXCxgZV05TLmRhdGFPEQGqAAAAAAGqAAIAAAxNYWNpbnRvc2ggSEQAAAAAAAAAAAAAAAAAAADQW7THSCsAAACa+ZUMbG9jdXNfZXEucGRmAAAAAAAAAAAAAAAAAAAAAAAAAAAAAAAAAAAAAAAAAAAAAAAAAAAAAAAAAAAAAAAAAAAAALaSD9JihCMAAAAAAAAAAAABAAEAAAkgAAAAAAAAAAAAAAAAAAAACHFwMV9kYXRhABAACAAA0FxBZwAAABEACAAA0mMQwwAAAAEAGACa+ZUANl+PABDVHwAJRCAACUQfAAKT1QACAElNYWNpbnRvc2ggSEQ6VXNlcnM6AGJyYWRfcmVudHo6AERvY3VtZW50czoAVUg6AFFQOgBxcDFfZGF0YToAbG9jdXNfZXEucGRmAAAOABoADABsAG8AYwB1AHMAXwBlAHEALgBwAGQAZgAPABoADABNAGEAYwBpAG4AdABvAHMAaAAgAEgARAASADZVc2Vycy9icmFkX3JlbnR6L0RvY3VtZW50cy9VSC9RUC9xcDFfZGF0YS9sb2N1c19lcS5wZGYAEwABLwAAFQACABH//wAAgAbSGxwdHlokY2xhc3NuYW1lWCRjbGFzc2VzXU5TTXV0YWJsZURhdGGjHR8gVk5TRGF0YVhOU09iamVjdNIbHCIjXE5TRGljdGlvbmFyeaIiIF8QD05TS2V5ZWRBcmNoaXZlctEmJ1Ryb290gAEACAARABoAIwAtADIANwBAAEYATQBVAGAAZwBqAGwAbgBxAHMAdQB3AIQAjgCgAKUArQJbAl0CYgJtAnYChAKIAo8CmAKdAqoCrQK/AsICxwAAAAAAAAIBAAAAAAAAACgAAAAAAAAAAAAAAAAAAALJ}}

@article{Nittrouer:1988,
	Author = {Susan Nittrouer and Michael Studdert-Kennedy and Richard S. McGowan},
	Date-Added = {2015-11-06 22:39:58 +0000},
	Date-Modified = {2015-11-06 22:43:17 +0000},
	Journal = {Status report on speech research},
	Pages = {1--21},
	Title = {The Emergence of Phonetic Segments: Evidence from the Spectral Structure of Fricative-Vowel Syllables Spoken by Children and Adults},
	Volume = {93--94},
	Year = {1988},
	Bdsk-File-1 = {YnBsaXN0MDDUAQIDBAUGJCVYJHZlcnNpb25YJG9iamVjdHNZJGFyY2hpdmVyVCR0b3ASAAGGoKgHCBMUFRYaIVUkbnVsbNMJCgsMDxJXTlMua2V5c1pOUy5vYmplY3RzViRjbGFzc6INDoACgAOiEBGABIAFgAdccmVsYXRpdmVQYXRoWWFsaWFzRGF0YV0uLi80MDk0MTYucGRm0hcLGBlXTlMuZGF0YU8RAaIAAAAAAaIAAgAADE1hY2ludG9zaCBIRAAAAAAAAAAAAAAAAAAAANBbtMdIKwAAAJr5lQo0MDk0MTYucGRmAAAAAAAAAAAAAAAAAAAAAAAAAAAAAAAAAAAAAAAAAAAAAAAAAAAAAAAAAAAAAAAAAAAAAAAAtlp10mJPtgAAAAAAAAAAAAEAAQAACSAAAAAAAAAAAAAAAAAAAAAIcXAxX2RhdGEAEAAIAADQXEFnAAAAEQAIAADSYtxWAAAAAQAYAJr5lQA2X48AENUfAAlEIAAJRB8AApPVAAIAR01hY2ludG9zaCBIRDpVc2VyczoAYnJhZF9yZW50ejoARG9jdW1lbnRzOgBVSDoAUVA6AHFwMV9kYXRhOgA0MDk0MTYucGRmAAAOABYACgA0ADAAOQA0ADEANgAuAHAAZABmAA8AGgAMAE0AYQBjAGkAbgB0AG8AcwBoACAASABEABIANFVzZXJzL2JyYWRfcmVudHovRG9jdW1lbnRzL1VIL1FQL3FwMV9kYXRhLzQwOTQxNi5wZGYAEwABLwAAFQACABH//wAAgAbSGxwdHlokY2xhc3NuYW1lWCRjbGFzc2VzXU5TTXV0YWJsZURhdGGjHR8gVk5TRGF0YVhOU09iamVjdNIbHCIjXE5TRGljdGlvbmFyeaIiIF8QD05TS2V5ZWRBcmNoaXZlctEmJ1Ryb290gAEACAARABoAIwAtADIANwBAAEYATQBVAGAAZwBqAGwAbgBxAHMAdQB3AIQAjgCcAKEAqQJPAlECVgJhAmoCeAJ8AoMCjAKRAp4CoQKzArYCuwAAAAAAAAIBAAAAAAAAACgAAAAAAAAAAAAAAAAAAAK9}}

@article{Sussman:1993,
	Abstract = {A previous study [H. $ussman, H. McCaffrey, and $. Matthews, J. Acoust. Soc. Am. 90,
1309-1325 (1991)] of American English CV coarticulation showed a remarkably linear
relationshipb etweeno nsetf requencieso f F2 transitions,p lotted on the y axis, in relation to the
F2 midvowel" target" frequenciesp, lottedo n the x axis,f or CVC tokensw ith initial [b d g] and
ten medial vowel contexts.S lope and y-intercept values of regressionf unctionsf it to these
scatterplots ("locus equations") were shown to serve as statistically powerful phonetic
descriptorso f placeo f articulation.T he presents tudye xtendst he locuse quationm etric to three
additional languages--Thai, Cairene Arabic, and Urdu--having both two and four place
contrastsfo r syllable-initiavl oiceds tops.A total of 14 speakers(T hai = 6, Arabic= 3, Urdu = 5)
produced1 740 CVC tokenst hat were acousticallya nalyzedu singM acSpeechL ab II. Strong
linear regressionre lationshipsw ere found for everys top categorya crossa ll speakersS. lopesa nd
y intercepts systematically varied as a function of place of articulation. Cross-language
comparisonso f stop place categoriesw ere performedb ut variability of slope and y intercept
meanst emperedc onclusionsc oncerningt he existenceo f CV "phonetich ot spots."},
	Author = {Harvey M. Sussman and Kathryn A. Hoemeke and Farhan S. Ahmed},
	Date-Added = {2015-11-05 09:44:33 +0000},
	Date-Modified = {2016-05-19 04:00:34 +0000},
	Journal = {Journal of the Acoustical Society of America},
	Number = {3},
	Pages = {1256--1268},
	Title = {A cross-linguistic investigation of locus equations as a phonetic descriptor for place of articulation},
	Volume = {94},
	Year = {1993},
	Bdsk-File-1 = {YnBsaXN0MDDUAQIDBAUGJCVYJHZlcnNpb25YJG9iamVjdHNZJGFyY2hpdmVyVCR0b3ASAAGGoKgHCBMUFRYaIVUkbnVsbNMJCgsMDxJXTlMua2V5c1pOUy5vYmplY3RzViRjbGFzc6INDoACgAOiEBGABIAFgAdccmVsYXRpdmVQYXRoWWFsaWFzRGF0YV8QHS4uL3N1c3NtYW5fZXRhbF8xOTkzX2phc2EucGRm0hcLGBlXTlMuZGF0YU8RAeIAAAAAAeIAAgAADE1hY2ludG9zaCBIRAAAAAAAAAAAAAAAAAAAANBbtMdIKwAAAJr5lRpzdXNzbWFuX2V0YWxfMTk5M19qYXNhLnBkZgAAAAAAAAAAAAAAAAAAAAAAAAAAAAAAAAAAAAAAAAAAAAAAAAAAtUAi0mBI2AAAAAAAAAAAAAEAAQAACSAAAAAAAAAAAAAAAAAAAAAIcXAxX2RhdGEAEAAIAADQXEFnAAAAEQAIAADSYNV4AAAAAQAYAJr5lQA2X48AENUfAAlEIAAJRB8AApPVAAIAV01hY2ludG9zaCBIRDpVc2VyczoAYnJhZF9yZW50ejoARG9jdW1lbnRzOgBVSDoAUVA6AHFwMV9kYXRhOgBzdXNzbWFuX2V0YWxfMTk5M19qYXNhLnBkZgAADgA2ABoAcwB1AHMAcwBtAGEAbgBfAGUAdABhAGwAXwAxADkAOQAzAF8AagBhAHMAYQAuAHAAZABmAA8AGgAMAE0AYQBjAGkAbgB0AG8AcwBoACAASABEABIARFVzZXJzL2JyYWRfcmVudHovRG9jdW1lbnRzL1VIL1FQL3FwMV9kYXRhL3N1c3NtYW5fZXRhbF8xOTkzX2phc2EucGRmABMAAS8AABUAAgAR//8AAIAG0hscHR5aJGNsYXNzbmFtZVgkY2xhc3Nlc11OU011dGFibGVEYXRhox0fIFZOU0RhdGFYTlNPYmplY3TSGxwiI1xOU0RpY3Rpb25hcnmiIiBfEA9OU0tleWVkQXJjaGl2ZXLRJidUcm9vdIABAAgAEQAaACMALQAyADcAQABGAE0AVQBgAGcAagBsAG4AcQBzAHUAdwCEAI4ArgCzALsCoQKjAqgCswK8AsoCzgLVAt4C4wLwAvMDBQMIAw0AAAAAAAACAQAAAAAAAAAoAAAAAAAAAAAAAAAAAAADDw==}}

@article{Forrest:1988,
	Author = {Karen Forrest and Gary Weismer and Paul Milenkovic and Ronald N. Dougall},
	Date-Added = {2015-11-05 09:24:41 +0000},
	Date-Modified = {2015-11-05 09:30:40 +0000},
	Doi = {10.1121/1.396977},
	Journal = {Journal of the Acoustical Society of America},
	Number = {1},
	Pages = {115--123},
	Title = {Statistical analysis of word-initial voiceless obstruents: {P}reliminary data},
	Volume = {84},
	Year = {1988},
	Bdsk-File-1 = {YnBsaXN0MDDUAQIDBAUGJCVYJHZlcnNpb25YJG9iamVjdHNZJGFyY2hpdmVyVCR0b3ASAAGGoKgHCBMUFRYaIVUkbnVsbNMJCgsMDxJXTlMua2V5c1pOUy5vYmplY3RzViRjbGFzc6INDoACgAOiEBGABIAFgAdccmVsYXRpdmVQYXRoWWFsaWFzRGF0YV8QGC4uL2ZvcnJlc3RfZXRhbF8xOTg4LnBkZtIXCxgZV05TLmRhdGFPEQHOAAAAAAHOAAIAAAxNYWNpbnRvc2ggSEQAAAAAAAAAAAAAAAAAAADQW7THSCsAAACa+ZUVZm9ycmVzdF9ldGFsXzE5ODgucGRmAAAAAAAAAAAAAAAAAAAAAAAAAAAAAAAAAAAAAAAAAAAAAAAAAAAAAAAAALU4qNJgRYcAAAAAAAAAAAABAAEAAAkgAAAAAAAAAAAAAAAAAAAACHFwMV9kYXRhABAACAAA0FxBZwAAABEACAAA0mDSJwAAAAEAGACa+ZUANl+PABDVHwAJRCAACUQfAAKT1QACAFJNYWNpbnRvc2ggSEQ6VXNlcnM6AGJyYWRfcmVudHo6AERvY3VtZW50czoAVUg6AFFQOgBxcDFfZGF0YToAZm9ycmVzdF9ldGFsXzE5ODgucGRmAA4ALAAVAGYAbwByAHIAZQBzAHQAXwBlAHQAYQBsAF8AMQA5ADgAOAAuAHAAZABmAA8AGgAMAE0AYQBjAGkAbgB0AG8AcwBoACAASABEABIAP1VzZXJzL2JyYWRfcmVudHovRG9jdW1lbnRzL1VIL1FQL3FwMV9kYXRhL2ZvcnJlc3RfZXRhbF8xOTg4LnBkZgAAEwABLwAAFQACABH//wAAgAbSGxwdHlokY2xhc3NuYW1lWCRjbGFzc2VzXU5TTXV0YWJsZURhdGGjHR8gVk5TRGF0YVhOU09iamVjdNIbHCIjXE5TRGljdGlvbmFyeaIiIF8QD05TS2V5ZWRBcmNoaXZlctEmJ1Ryb290gAEACAARABoAIwAtADIANwBAAEYATQBVAGAAZwBqAGwAbgBxAHMAdQB3AIQAjgCpAK4AtgKIAooCjwKaAqMCsQK1ArwCxQLKAtcC2gLsAu8C9AAAAAAAAAIBAAAAAAAAACgAAAAAAAAAAAAAAAAAAAL2}}

@article{Jesus:2002,
	Author = {Luis M.T. Jesus and Christine H. Shadle},
	Date-Added = {2015-11-05 08:39:29 +0000},
	Date-Modified = {2016-05-20 02:47:40 +0000},
	Doi = {10.1006/jpho.2002.0169},
	Journal = {Journal of Phonetics},
	Pages = {437--464},
	Title = {A parametric study of the spectral characteristics of {E}uropean {P}ortuguese fricatives},
	Volume = {30},
	Year = {2002},
	Bdsk-File-1 = {YnBsaXN0MDDUAQIDBAUGJCVYJHZlcnNpb25YJG9iamVjdHNZJGFyY2hpdmVyVCR0b3ASAAGGoKgHCBMUFRYaIVUkbnVsbNMJCgsMDxJXTlMua2V5c1pOUy5vYmplY3RzViRjbGFzc6INDoACgAOiEBGABIAFgAdccmVsYXRpdmVQYXRoWWFsaWFzRGF0YV8QJC4uLzEtczIuMC1TMDA5NTQ0NzAwMjkwMTY5NS1tYWluLnBkZtIXCxgZV05TLmRhdGFPEQH8AAAAAAH8AAIAAAxNYWNpbnRvc2ggSEQAAAAAAAAAAAAAAAAAAADQW7THSCsAAACa+ZUfMS1zMi4wLVMwMDk1NDQ3MDAyOTAjQjUxRUQwLnBkZgAAAAAAAAAAAAAAAAAAAAAAAAAAAAAAAAAAAAAAAAAAALUe0NJgOgsAAAAAAAAAAAABAAEAAAkgAAAAAAAAAAAAAAAAAAAACHFwMV9kYXRhABAACAAA0FxBZwAAABEACAAA0mDGqwAAAAEAGACa+ZUANl+PABDVHwAJRCAACUQfAAKT1QACAFxNYWNpbnRvc2ggSEQ6VXNlcnM6AGJyYWRfcmVudHo6AERvY3VtZW50czoAVUg6AFFQOgBxcDFfZGF0YToAMS1zMi4wLVMwMDk1NDQ3MDAyOTAjQjUxRUQwLnBkZgAOAEQAIQAxAC0AcwAyAC4AMAAtAFMAMAAwADkANQA0ADQANwAwADAAMgA5ADAAMQA2ADkANQAtAG0AYQBpAG4ALgBwAGQAZgAPABoADABNAGEAYwBpAG4AdABvAHMAaAAgAEgARAASAEtVc2Vycy9icmFkX3JlbnR6L0RvY3VtZW50cy9VSC9RUC9xcDFfZGF0YS8xLXMyLjAtUzAwOTU0NDcwMDI5MDE2OTUtbWFpbi5wZGYAABMAAS8AABUAAgAR//8AAIAG0hscHR5aJGNsYXNzbmFtZVgkY2xhc3Nlc11OU011dGFibGVEYXRhox0fIFZOU0RhdGFYTlNPYmplY3TSGxwiI1xOU0RpY3Rpb25hcnmiIiBfEA9OU0tleWVkQXJjaGl2ZXLRJidUcm9vdIABAAgAEQAaACMALQAyADcAQABGAE0AVQBgAGcAagBsAG4AcQBzAHUAdwCEAI4AtQC6AMICwgLEAskC1ALdAusC7wL2Av8DBAMRAxQDJgMpAy4AAAAAAAACAQAAAAAAAAAoAAAAAAAAAAAAAAAAAAADMA==}}

@article{Evers:1998,
	Author = {Vincent Evers and Henning Reetz and Aditi Lahiri},
	Date-Added = {2015-11-05 08:37:43 +0000},
	Date-Modified = {2015-11-05 08:38:49 +0000},
	Doi = {10.1006/jpho.1998.0079},
	Journal = {Journal of Phonetics},
	Pages = {345--370},
	Title = {Crosslinguistic acoustic categorization of sibilants independent of phonological status},
	Volume = {26},
	Year = {1998},
	Bdsk-File-1 = {YnBsaXN0MDDUAQIDBAUGJCVYJHZlcnNpb25YJG9iamVjdHNZJGFyY2hpdmVyVCR0b3ASAAGGoKgHCBMUFRYaIVUkbnVsbNMJCgsMDxJXTlMua2V5c1pOUy5vYmplY3RzViRjbGFzc6INDoACgAOiEBGABIAFgAdccmVsYXRpdmVQYXRoWWFsaWFzRGF0YV8QJC4uLzEtczIuMC1TMDA5NTQ0NzA5ODkwMDc5MS1tYWluLnBkZtIXCxgZV05TLmRhdGFPEQH8AAAAAAH8AAIAAAxNYWNpbnRvc2ggSEQAAAAAAAAAAAAAAAAAAADQW7THSCsAAACa+ZUfMS1zMi4wLVMwMDk1NDQ3MDk4OTAjQjUxRTAzLnBkZgAAAAAAAAAAAAAAAAAAAAAAAAAAAAAAAAAAAAAAAAAAALUeA9JgOUAAAAAAAAAAAAABAAEAAAkgAAAAAAAAAAAAAAAAAAAACHFwMV9kYXRhABAACAAA0FxBZwAAABEACAAA0mDF4AAAAAEAGACa+ZUANl+PABDVHwAJRCAACUQfAAKT1QACAFxNYWNpbnRvc2ggSEQ6VXNlcnM6AGJyYWRfcmVudHo6AERvY3VtZW50czoAVUg6AFFQOgBxcDFfZGF0YToAMS1zMi4wLVMwMDk1NDQ3MDk4OTAjQjUxRTAzLnBkZgAOAEQAIQAxAC0AcwAyAC4AMAAtAFMAMAAwADkANQA0ADQANwAwADkAOAA5ADAAMAA3ADkAMQAtAG0AYQBpAG4ALgBwAGQAZgAPABoADABNAGEAYwBpAG4AdABvAHMAaAAgAEgARAASAEtVc2Vycy9icmFkX3JlbnR6L0RvY3VtZW50cy9VSC9RUC9xcDFfZGF0YS8xLXMyLjAtUzAwOTU0NDcwOTg5MDA3OTEtbWFpbi5wZGYAABMAAS8AABUAAgAR//8AAIAG0hscHR5aJGNsYXNzbmFtZVgkY2xhc3Nlc11OU011dGFibGVEYXRhox0fIFZOU0RhdGFYTlNPYmplY3TSGxwiI1xOU0RpY3Rpb25hcnmiIiBfEA9OU0tleWVkQXJjaGl2ZXLRJidUcm9vdIABAAgAEQAaACMALQAyADcAQABGAE0AVQBgAGcAagBsAG4AcQBzAHUAdwCEAI4AtQC6AMICwgLEAskC1ALdAusC7wL2Av8DBAMRAxQDJgMpAy4AAAAAAAACAQAAAAAAAAAoAAAAAAAAAAAAAAAAAAADMA==}}

@article{Maniwa:2009,
	Author = {Kazumi Maniwa and Allard Jongman and Travis Wade},
	Date-Added = {2015-11-05 08:28:23 +0000},
	Date-Modified = {2015-11-05 08:31:21 +0000},
	Doi = {10.1121/1.2990715},
	Journal = {Journal of the Acoustical Society of America},
	Pages = {3962--3973},
	Title = {Acoustic characteristics of clearly spoken {E}nglish fricatives},
	Volume = {125},
	Year = {2009},
	Bdsk-File-1 = {YnBsaXN0MDDUAQIDBAUGJCVYJHZlcnNpb25YJG9iamVjdHNZJGFyY2hpdmVyVCR0b3ASAAGGoKgHCBMUFRYaIVUkbnVsbNMJCgsMDxJXTlMua2V5c1pOUy5vYmplY3RzViRjbGFzc6INDoACgAOiEBGABIAFgAdccmVsYXRpdmVQYXRoWWFsaWFzRGF0YV8QES4uL2ZyaWNhdGl2ZXMucGRm0hcLGBlXTlMuZGF0YU8RAbIAAAAAAbIAAgAADE1hY2ludG9zaCBIRAAAAAAAAAAAAAAAAAAAANBbtMdIKwAAAJr5lQ5mcmljYXRpdmVzLnBkZgAAAAAAAAAAAAAAAAAAAAAAAAAAAAAAAAAAAAAAAAAAAAAAAAAAAAAAAAAAAAAAAAAAtROI0mA1OQAAAAAAAAAAAAEAAQAACSAAAAAAAAAAAAAAAAAAAAAIcXAxX2RhdGEAEAAIAADQXEFnAAAAEQAIAADSYMHZAAAAAQAYAJr5lQA2X48AENUfAAlEIAAJRB8AApPVAAIAS01hY2ludG9zaCBIRDpVc2VyczoAYnJhZF9yZW50ejoARG9jdW1lbnRzOgBVSDoAUVA6AHFwMV9kYXRhOgBmcmljYXRpdmVzLnBkZgAADgAeAA4AZgByAGkAYwBhAHQAaQB2AGUAcwAuAHAAZABmAA8AGgAMAE0AYQBjAGkAbgB0AG8AcwBoACAASABEABIAOFVzZXJzL2JyYWRfcmVudHovRG9jdW1lbnRzL1VIL1FQL3FwMV9kYXRhL2ZyaWNhdGl2ZXMucGRmABMAAS8AABUAAgAR//8AAIAG0hscHR5aJGNsYXNzbmFtZVgkY2xhc3Nlc11OU011dGFibGVEYXRhox0fIFZOU0RhdGFYTlNPYmplY3TSGxwiI1xOU0RpY3Rpb25hcnmiIiBfEA9OU0tleWVkQXJjaGl2ZXLRJidUcm9vdIABAAgAEQAaACMALQAyADcAQABGAE0AVQBgAGcAagBsAG4AcQBzAHUAdwCEAI4AogCnAK8CZQJnAmwCdwKAAo4CkgKZAqICpwK0ArcCyQLMAtEAAAAAAAACAQAAAAAAAAAoAAAAAAAAAAAAAAAAAAAC0w==}}

@article{Gordon:2002,
	Author = {Matthew Gordon and Paul Barthmaier and Kathy Sands},
	Date-Added = {2015-11-05 07:55:15 +0000},
	Date-Modified = {2015-11-05 08:26:54 +0000},
	Doi = {10.1017/ S0025100302001020},
	Journal = {Journal of the International Phonetic Association},
	Pages = {141--174},
	Title = {A cross-linguistic acoustic study of fricatives},
	Volume = {32},
	Year = {2002},
	Bdsk-File-1 = {YnBsaXN0MDDUAQIDBAUGJCVYJHZlcnNpb25YJG9iamVjdHNZJGFyY2hpdmVyVCR0b3ASAAGGoKgHCBMUFRYaIVUkbnVsbNMJCgsMDxJXTlMua2V5c1pOUy5vYmplY3RzViRjbGFzc6INDoACgAOiEBGABIAFgAdccmVsYXRpdmVQYXRoWWFsaWFzRGF0YV8QGS4uL2ZyaWNhdGl2ZWFjb3VzdGljcy5wZGbSFwsYGVdOUy5kYXRhTxEB0gAAAAAB0gACAAAMTWFjaW50b3NoIEhEAAAAAAAAAAAAAAAAAAAA0Fu0x0grAAAAmvmVFmZyaWNhdGl2ZWFjb3VzdGljcy5wZGYAAAAAAAAAAAAAAAAAAAAAAAAAAAAAAAAAAAAAAAAAAAAAAAAAAAAAAACz7kbSX7R0AAAAAAAAAAAAAQABAAAJIAAAAAAAAAAAAAAAAAAAAAhxcDFfZGF0YQAQAAgAANBcQWcAAAARAAgAANJgQRQAAAABABgAmvmVADZfjwAQ1R8ACUQgAAlEHwACk9UAAgBTTWFjaW50b3NoIEhEOlVzZXJzOgBicmFkX3JlbnR6OgBEb2N1bWVudHM6AFVIOgBRUDoAcXAxX2RhdGE6AGZyaWNhdGl2ZWFjb3VzdGljcy5wZGYAAA4ALgAWAGYAcgBpAGMAYQB0AGkAdgBlAGEAYwBvAHUAcwB0AGkAYwBzAC4AcABkAGYADwAaAAwATQBhAGMAaQBuAHQAbwBzAGgAIABIAEQAEgBAVXNlcnMvYnJhZF9yZW50ei9Eb2N1bWVudHMvVUgvUVAvcXAxX2RhdGEvZnJpY2F0aXZlYWNvdXN0aWNzLnBkZgATAAEvAAAVAAIAEf//AACABtIbHB0eWiRjbGFzc25hbWVYJGNsYXNzZXNdTlNNdXRhYmxlRGF0YaMdHyBWTlNEYXRhWE5TT2JqZWN00hscIiNcTlNEaWN0aW9uYXJ5oiIgXxAPTlNLZXllZEFyY2hpdmVy0SYnVHJvb3SAAQAIABEAGgAjAC0AMgA3AEAARgBNAFUAYABnAGoAbABuAHEAcwB1AHcAhACOAKoArwC3Ao0CjwKUAp8CqAK2AroCwQLKAs8C3ALfAvEC9AL5AAAAAAAAAgEAAAAAAAAAKAAAAAAAAAAAAAAAAAAAAvs=},
	Bdsk-File-2 = {YnBsaXN0MDDUAQIDBAUGJCVYJHZlcnNpb25YJG9iamVjdHNZJGFyY2hpdmVyVCR0b3ASAAGGoKgHCBMUFRYaIVUkbnVsbNMJCgsMDxJXTlMua2V5c1pOUy5vYmplY3RzViRjbGFzc6INDoACgAOiEBGABIAFgAdccmVsYXRpdmVQYXRoWWFsaWFzRGF0YV8QGS4uL1MwMDI1MTAwMzAyMDAxMDIwYS5wZGbSFwsYGVdOUy5kYXRhTxEB0gAAAAAB0gACAAAMTWFjaW50b3NoIEhEAAAAAAAAAAAAAAAAAAAA0Fu0x0grAAAAmvmVFlMwMDI1MTAwMzAyMDAxMDIwYS5wZGYAAAAAAAAAAAAAAAAAAAAAAAAAAAAAAAAAAAAAAAAAAAAAAAAAAAAAAAC1GZrSYDaJAAAAAAAAAAAAAQABAAAJIAAAAAAAAAAAAAAAAAAAAAhxcDFfZGF0YQAQAAgAANBcQWcAAAARAAgAANJgwykAAAABABgAmvmVADZfjwAQ1R8ACUQgAAlEHwACk9UAAgBTTWFjaW50b3NoIEhEOlVzZXJzOgBicmFkX3JlbnR6OgBEb2N1bWVudHM6AFVIOgBRUDoAcXAxX2RhdGE6AFMwMDI1MTAwMzAyMDAxMDIwYS5wZGYAAA4ALgAWAFMAMAAwADIANQAxADAAMAAzADAAMgAwADAAMQAwADIAMABhAC4AcABkAGYADwAaAAwATQBhAGMAaQBuAHQAbwBzAGgAIABIAEQAEgBAVXNlcnMvYnJhZF9yZW50ei9Eb2N1bWVudHMvVUgvUVAvcXAxX2RhdGEvUzAwMjUxMDAzMDIwMDEwMjBhLnBkZgATAAEvAAAVAAIAEf//AACABtIbHB0eWiRjbGFzc25hbWVYJGNsYXNzZXNdTlNNdXRhYmxlRGF0YaMdHyBWTlNEYXRhWE5TT2JqZWN00hscIiNcTlNEaWN0aW9uYXJ5oiIgXxAPTlNLZXllZEFyY2hpdmVy0SYnVHJvb3SAAQAIABEAGgAjAC0AMgA3AEAARgBNAFUAYABnAGoAbABuAHEAcwB1AHcAhACOAKoArwC3Ao0CjwKUAp8CqAK2AroCwQLKAs8C3ALfAvEC9AL5AAAAAAAAAgEAAAAAAAAAKAAAAAAAAAAAAAAAAAAAAvs=}}

@article{Choi:1995,
	Author = {John D. Choi},
	Date-Added = {2015-11-04 04:33:14 +0000},
	Date-Modified = {2015-11-04 04:34:45 +0000},
	Journal = {Journal of Phonetics},
	Pages = {323--347},
	Title = {An acoustic-phonetic underspecification account of {M}arshallese vowel allophony},
	Volume = {23},
	Year = {1995}}

@booklet{McCloy:2015,
	Author = {Daniel McCloy},
	Date-Added = {2015-11-04 00:14:33 +0000},
	Date-Modified = {2015-11-04 00:18:57 +0000},
	Title = {phon{R}: tools for phoneticians and phonologists. {R} package (version 1.0-3)},
	Url = {http://CRAN.R-project.org/package=phonR},
	Year = {2015},
	Bdsk-Url-1 = {http://CRAN.R-project.org/package=phonR}}

@booklet{Kendall:2014,
	Author = {Tyler Kendall and Erik R. Thomas},
	Date-Added = {2015-11-04 00:12:17 +0000},
	Date-Modified = {2015-11-04 00:16:41 +0000},
	Title = {vowels: {V}owel Manipulation, Normalization, and Plotting. {R} package (version 1.2-1)},
	Url = {http://CRAN.R-project.org/package=vowels},
	Year = {2014},
	Bdsk-Url-1 = {http://CRAN.R-project.org/package=vowels}}

@booklet{Boersma:2015,
	Author = {Paul Boersma and David Weenink},
	Date-Added = {2015-11-03 08:19:34 +0000},
	Date-Modified = {2015-11-03 08:20:23 +0000},
	Title = {Praat: doing phonetics by computer (version 5.4.18)},
	Url = {http://www.praat.org},
	Year = {2015},
	Bdsk-Url-1 = {http://www.praat.org}}

@booklet{R-Core-Team:2015,
	Author = {{R Core Team}},
	Date-Added = {2015-11-03 08:13:50 +0000},
	Date-Modified = {2015-11-03 08:16:21 +0000},
	Title = {R: A language and environment for statistical computing (version 3.2.2)},
	Url = {http://www.R-project.org},
	Year = {2015},
	Bdsk-Url-1 = {http://www.R-project.org}}

@booklet{Bates:2016,
	Author = {D. Bates and M. Maechler and B. Bolker and S. Walker},
	Date-Added = {2015-11-03 08:11:40 +0000},
	Date-Modified = {2016-05-06 21:56:31 +0000},
	Title = {lmer4: {L}inear mixed-effects models using {E}igen and {S}4. {R} package (version 1.1-12)},
	Url = {https://CRAN.R-project.org/package=lme4},
	Year = {2016},
	Bdsk-Url-1 = {https://CRAN.R-project.org/package=lme4}}

@article{Dart:1993,
	Author = {Sarah N. Dart},
	Date-Added = {2015-11-03 07:18:52 +0000},
	Date-Modified = {2015-11-03 07:20:52 +0000},
	Journal = {{I}nternational {J}ournal of {A}merican {L}inguistics},
	Number = {1},
	Pages = {16--37},
	Title = {Phonetic Properties of {O}'odham Stop and Fricative Contrasts},
	Url = {http://www.jstor.org/stable/1265467},
	Volume = {59},
	Year = {1993},
	Bdsk-File-1 = {YnBsaXN0MDDUAQIDBAUGJCVYJHZlcnNpb25YJG9iamVjdHNZJGFyY2hpdmVyVCR0b3ASAAGGoKgHCBMUFRYaIVUkbnVsbNMJCgsMDxJXTlMua2V5c1pOUy5vYmplY3RzViRjbGFzc6INDoACgAOiEBGABIAFgAdccmVsYXRpdmVQYXRoWWFsaWFzRGF0YV8QGy4uLy4uL3Bob25ldGljcy8xMjY1NDY3LnBkZtIXCxgZV05TLmRhdGFPEQGqAAAAAAGqAAIAAAxNYWNpbnRvc2ggSEQAAAAAAAAAAAAAAAAAAADQW7THSCsAAABcF8gLMTI2NTQ2Ny5wZGYAAAAAAAAAAAAAAAAAAAAAAAAAAAAAAAAAAAAAAAAAAAAAAAAAAAAAAAAAAAAAAAAAAAAAAVYxndPAHVFQREYgQ0FSTwACAAIAAAkgAAAAAAAAAAAAAAAAAAAACXBob25ldGljcwAAEAAIAADQXEFnAAAAEQAIAADTwKnxAAAAAQAYAFwXyAA2X48AENUfAAlEIAAJRB8AApPVAAIASU1hY2ludG9zaCBIRDpVc2VyczoAYnJhZF9yZW50ejoARG9jdW1lbnRzOgBVSDoAUVA6AHBob25ldGljczoAMTI2NTQ2Ny5wZGYAAA4AGAALADEAMgA2ADUANAA2ADcALgBwAGQAZgAPABoADABNAGEAYwBpAG4AdABvAHMAaAAgAEgARAASADZVc2Vycy9icmFkX3JlbnR6L0RvY3VtZW50cy9VSC9RUC9waG9uZXRpY3MvMTI2NTQ2Ny5wZGYAEwABLwAAFQACABH//wAAgAbSGxwdHlokY2xhc3NuYW1lWCRjbGFzc2VzXU5TTXV0YWJsZURhdGGjHR8gVk5TRGF0YVhOU09iamVjdNIbHCIjXE5TRGljdGlvbmFyeaIiIF8QD05TS2V5ZWRBcmNoaXZlctEmJ1Ryb290gAEACAARABoAIwAtADIANwBAAEYATQBVAGAAZwBqAGwAbgBxAHMAdQB3AIQAjgCsALEAuQJnAmkCbgJ5AoICkAKUApsCpAKpArYCuQLLAs4C0wAAAAAAAAIBAAAAAAAAACgAAAAAAAAAAAAAAAAAAALV}}

@booklet{SBOC,
	Author = {{FSM~Office~of~Statistics, Budget and Economic Management, Overseas Development Assistance, and Compact Management}},
	Date-Added = {2015-11-03 02:17:20 +0000},
	Date-Modified = {2015-11-19 03:55:00 +0000},
	Title = {2010 {FSM}-Wide census of population \& housing: {P}ohnpei {S}tate},
	Url = {http://www.sboc.fm},
	Year = {2010},
	Bdsk-Url-1 = {http://www.sboc.fm}}

@book{Ladefoged:1996,
	Author = {Peter Ladefoged and Ian Maddieson},
	Date-Added = {2015-11-03 01:41:35 +0000},
	Date-Modified = {2015-11-03 01:42:56 +0000},
	Publisher = {Oxford: Blackwell Publishing},
	Title = {The Sounds of the World's Languages},
	Year = {1996},
	Bdsk-File-1 = {YnBsaXN0MDDUAQIDBAUGJCVYJHZlcnNpb25YJG9iamVjdHNZJGFyY2hpdmVyVCR0b3ASAAGGoKgHCBMUFRYaIVUkbnVsbNMJCgsMDxJXTlMua2V5c1pOUy5vYmplY3RzViRjbGFzc6INDoACgAOiEBGABIAFgAdccmVsYXRpdmVQYXRoWWFsaWFzRGF0YV8QYy4uLy4uLy4uLy4uLy4uL0Rlc2t0b3AvTGluZyA2NDBGL1tQZXRlcl9MYWRlZm9nZWRfYW5kX0lhbl9NYWRkaWVzb25dX1RoZV9Tb3VuZHNfb2ZfKEJvb2taWi5vcmcpLnBkZtIXCxgZV05TLmRhdGFPEQJKAAAAAAJKAAIAAAxNYWNpbnRvc2ggSEQAAAAAAAAAAAAAAAAAAADQW7THSCsAAADpk0cfW1BldGVyX0xhZGVmb2dlZF9hbmQjRjg5RTA1LnBkZgAAAAAAAAAAAAAAAAAAAAAAAAAAAAAAAAAAAAAAAAAAAPieBdLSx+AAAAAAAAAAAAAFAAMAAAkgAAAAAAAAAAAAAAAAAAAACUxpbmcgNjQwRgAAEAAIAADQXEFnAAAAEQAIAADS01SAAAAAAQAQAOmTRwAJRDAACUQfAAKT1QACAFNNYWNpbnRvc2ggSEQ6VXNlcnM6AGJyYWRfcmVudHo6AERlc2t0b3A6AExpbmcgNjQwRjoAW1BldGVyX0xhZGVmb2dlZF9hbmQjRjg5RTA1LnBkZgAADgCGAEIAWwBQAGUAdABlAHIAXwBMAGEAZABlAGYAbwBnAGUAZABfAGEAbgBkAF8ASQBhAG4AXwBNAGEAZABkAGkAZQBzAG8AbgBdAF8AVABoAGUAXwBTAG8AdQBuAGQAcwBfAG8AZgBfACgAQgBvAG8AawBaAFoALgBvAHIAZwApAC4AcABkAGYADwAaAAwATQBhAGMAaQBuAHQAbwBzAGgAIABIAEQAEgBlVXNlcnMvYnJhZF9yZW50ei9EZXNrdG9wL0xpbmcgNjQwRi9bUGV0ZXJfTGFkZWZvZ2VkX2FuZF9JYW5fTWFkZGllc29uXV9UaGVfU291bmRzX29mXyhCb29rWloub3JnKS5wZGYAABMAAS8AABUAAgAR//8AAIAG0hscHR5aJGNsYXNzbmFtZVgkY2xhc3Nlc11OU011dGFibGVEYXRhox0fIFZOU0RhdGFYTlNPYmplY3TSGxwiI1xOU0RpY3Rpb25hcnmiIiBfEA9OU0tleWVkQXJjaGl2ZXLRJidUcm9vdIABAAgAEQAaACMALQAyADcAQABGAE0AVQBgAGcAagBsAG4AcQBzAHUAdwCEAI4A9AD5AQEDTwNRA1YDYQNqA3gDfAODA4wDkQOeA6EDswO2A7sAAAAAAAACAQAAAAAAAAAoAAAAAAAAAAAAAAAAAAADvQ==}}

@book{Rehg:1981,
	Author = {Kenneth L. Rehg and Damian G. Sohl},
	Date-Added = {2015-11-03 01:39:22 +0000},
	Date-Modified = {2015-11-03 01:41:24 +0000},
	Keywords = {Pohnpeian, Ponape, reference grammar},
	Publisher = {Honolulu: University of Hawai`i Press},
	Series = {PALI language texts},
	Title = {Ponapean Reference Grammar},
	Year = {1981}}
